%% This BibTeX bibliography file was created using BibDesk.
%% http://bibdesk.sourceforge.net/

%% Created for Xavier Sumba at 2016-03-10 11:38:03 -0500 


%% Saved with string encoding Unicode (UTF-8) 



@mastersthesis{Alfraidi,
	Author = {Alfraidi, Hanadi},
	Date-Added = {2016-03-10 16:34:31 +0000},
	Date-Modified = {2016-03-10 16:38:02 +0000},
	School = {University of Ottawa},
	Title = {Interactive System for Scientific Publication Visualization and Similarity Measurement based on Citation Network},
	Year = {2015},
	Bdsk-File-1 = {YnBsaXN0MDDUAQIDBAUGJCVYJHZlcnNpb25YJG9iamVjdHNZJGFyY2hpdmVyVCR0b3ASAAGGoKgHCBMUFRYaIVUkbnVsbNMJCgsMDxJXTlMua2V5c1pOUy5vYmplY3RzViRjbGFzc6INDoACgAOiEBGABIAFgAdccmVsYXRpdmVQYXRoWWFsaWFzRGF0YV8QMy4uL3BhcGVycy9YU3VtYmEvMTggQWxmcmFpZGlfSGFuYWRpXzIwMTVfdGhlc2lzLnBkZtIXCxgZV05TLmRhdGFPEQIQAAAAAAIQAAIAAAxNYWNpbnRvc2ggSEQAAAAAAAAAAAAAAAAAAADQiVX6SCsAAAGQNfEfMTggQWxmcmFpZGlfSGFuYWRpXyMxOTNDNDA2LnBkZgAAAAAAAAAAAAAAAAAAAAAAAAAAAAAAAAAAAAAAAAAAAZPEBtMF/rAAAAAAAAAAAAABAAMAAAkgAAAAAAAAAAAAAAAAAAAABlhTdW1iYQAQAAgAANCJnEoAAAARAAgAANMGRQAAAAABABgBkDXxAYR+awF7N+4ACXG8AAlDSAACk9MAAgBlTWFjaW50b3NoIEhEOlVzZXJzOgBjdWVudDoARHJvcGJveDoATWFza2FuYV92Ml9MYVRlWDoAcGFwZXJzOgBYU3VtYmE6ADE4IEFsZnJhaWRpX0hhbmFkaV8jMTkzQzQwNi5wZGYAAA4ARgAiADEAOAAgAEEAbABmAHIAYQBpAGQAaQBfAEgAYQBuAGEAZABpAF8AMgAwADEANQBfAHQAaABlAHMAaQBzAC4AcABkAGYADwAaAAwATQBhAGMAaQBuAHQAbwBzAGgAIABIAEQAEgBVVXNlcnMvY3VlbnQvRHJvcGJveC9NYXNrYW5hX3YyX0xhVGVYL3BhcGVycy9YU3VtYmEvMTggQWxmcmFpZGlfSGFuYWRpXzIwMTVfdGhlc2lzLnBkZgAAEwABLwAAFQACAAz//wAAgAbSGxwdHlokY2xhc3NuYW1lWCRjbGFzc2VzXU5TTXV0YWJsZURhdGGjHR8gVk5TRGF0YVhOU09iamVjdNIbHCIjXE5TRGljdGlvbmFyeaIiIF8QD05TS2V5ZWRBcmNoaXZlctEmJ1Ryb290gAEACAARABoAIwAtADIANwBAAEYATQBVAGAAZwBqAGwAbgBxAHMAdQB3AIQAjgDEAMkA0QLlAucC7AL3AwADDgMSAxkDIgMnAzQDNwNJA0wDUQAAAAAAAAIBAAAAAAAAACgAAAAAAAAAAAAAAAAAAANT}}

@article{Miller,
	Acmid = {219748},
	Address = {New York, NY, USA},
	Author = {Miller, George A.},
	Date-Added = {2016-03-06 04:10:15 +0000},
	Date-Modified = {2016-03-06 04:10:22 +0000},
	Doi = {10.1145/219717.219748},
	Issn = {0001-0782},
	Issue_Date = {Nov. 1995},
	Journal = {Commun. ACM},
	Month = nov,
	Number = {11},
	Numpages = {3},
	Pages = {39--41},
	Publisher = {ACM},
	Title = {WordNet: A Lexical Database for English},
	Url = {http://doi.acm.org/10.1145/219717.219748},
	Volume = {38},
	Year = {1995},
	Bdsk-Url-1 = {http://doi.acm.org/10.1145/219717.219748},
	Bdsk-Url-2 = {http://dx.doi.org/10.1145/219717.219748}}

@book{Manning,
	Address = {Cambridge, MA, USA},
	Author = {Manning, Christopher D. and Sch\"{u}tze, Hinrich},
	Date-Added = {2016-03-06 03:58:49 +0000},
	Date-Modified = {2016-03-06 04:02:40 +0000},
	Month = {jan},
	Publisher = {MIT Press},
	Title = {Foundations of Statistical Natural Language Processing},
	Year = {1999},
	Bdsk-File-1 = {YnBsaXN0MDDUAQIDBAUGJCVYJHZlcnNpb25YJG9iamVjdHNZJGFyY2hpdmVyVCR0b3ASAAGGoKgHCBMUFRYaIVUkbnVsbNMJCgsMDxJXTlMua2V5c1pOUy5vYmplY3RzViRjbGFzc6INDoACgAOiEBGABIAFgAdccmVsYXRpdmVQYXRoWWFsaWFzRGF0YV8QHi4uL3BhcGVycy9YU3VtYmEvMTcgY29sbG9jLnBkZtIXCxgZV05TLmRhdGFPEQG+AAAAAAG+AAIAAAxNYWNpbnRvc2ggSEQAAAAAAAAAAAAAAAAAAADQiVX6SCsAAAGQNfENMTcgY29sbG9jLnBkZgAAAAAAAAAAAAAAAAAAAAAAAAAAAAAAAAAAAAAAAAAAAAAAAAAAAAAAAAAAAAAAAAAAAZFAt9MBFOgAAAAAAAAAAAABAAMAAAkgAAAAAAAAAAAAAAAAAAAABlhTdW1iYQAQAAgAANCJnEoAAAARAAgAANMBWzgAAAABABgBkDXxAYR+awF7N+4ACXG8AAlDSAACk9MAAgBTTWFjaW50b3NoIEhEOlVzZXJzOgBjdWVudDoARHJvcGJveDoATWFza2FuYV92Ml9MYVRlWDoAcGFwZXJzOgBYU3VtYmE6ADE3IGNvbGxvYy5wZGYAAA4AHAANADEANwAgAGMAbwBsAGwAbwBjAC4AcABkAGYADwAaAAwATQBhAGMAaQBuAHQAbwBzAGgAIABIAEQAEgBAVXNlcnMvY3VlbnQvRHJvcGJveC9NYXNrYW5hX3YyX0xhVGVYL3BhcGVycy9YU3VtYmEvMTcgY29sbG9jLnBkZgATAAEvAAAVAAIADP//AACABtIbHB0eWiRjbGFzc25hbWVYJGNsYXNzZXNdTlNNdXRhYmxlRGF0YaMdHyBWTlNEYXRhWE5TT2JqZWN00hscIiNcTlNEaWN0aW9uYXJ5oiIgXxAPTlNLZXllZEFyY2hpdmVy0SYnVHJvb3SAAQAIABEAGgAjAC0AMgA3AEAARgBNAFUAYABnAGoAbABuAHEAcwB1AHcAhACOAK8AtAC8An4CgAKFApACmQKnAqsCsgK7AsACzQLQAuIC5QLqAAAAAAAAAgEAAAAAAAAAKAAAAAAAAAAAAAAAAAAAAuw=}}

@webpage{semanticscholar,
	Author = {Paul Allen},
	Date-Added = {2016-03-06 03:13:21 +0000},
	Date-Modified = {2016-03-06 03:20:29 +0000},
	Lastchecked = {05/03/2016},
	Month = {nov},
	Title = {Semantic Scholar},
	Url = {https://www.semanticscholar.org},
	Year = {2015},
	Bdsk-Url-1 = {https://www.semanticscholar.org}}

@inproceedings{Krisnadhi02,
	Author = {Krisnadhi, Adila Alfa and Hu, Yingjie and Janowicz, Krzysztof and Hitzler, Pascal and Arko, Robert A. and Carbotte, Suzanne and Chandler, Cynthia and Cheatham, Michelle and Fils, Douglas and Finin, Tim and Ji, Peng and Jones, Matthew B. and Karima, Nazifa and Lehnert, Kerstin and Mickle, Audrey and Narock, Tom and O'Brien, Margaret and Raymond, Lisa and Shepherd, Adam and Schildhauer, Mark and Wiebe, Peter},
	Booktitle = {International Semantic Web Conference (Posters \& Demos)},
	Date-Added = {2016-03-06 01:27:12 +0000},
	Date-Modified = {2016-03-06 01:31:17 +0000},
	Editor = {Villata, Serena and Pan, Jeff Z. and Dragoni, Mauro},
	Keywords = {dblp},
	Publisher = {CEUR-WS.org},
	Series = {CEUR Workshop Proceedings},
	Title = {The GeoLink Framework for Pattern-based Linked Data Integration.},
	Volume = {1486},
	Year = {2015},
	Bdsk-File-1 = {YnBsaXN0MDDUAQIDBAUGJCVYJHZlcnNpb25YJG9iamVjdHNZJGFyY2hpdmVyVCR0b3ASAAGGoKgHCBMUFRYaIVUkbnVsbNMJCgsMDxJXTlMua2V5c1pOUy5vYmplY3RzViRjbGFzc6INDoACgAOiEBGABIAFgAdccmVsYXRpdmVQYXRoWWFsaWFzRGF0YV8QIC4uL3BhcGVycy9GU3VtYmEvMTUgcGFwZXJfOTkucGRm0hcLGBlXTlMuZGF0YU8RAcYAAAAAAcYAAgAADE1hY2ludG9zaCBIRAAAAAAAAAAAAAAAAAAAANCJVfpIKwAAAZA2Ng8xNSBwYXBlcl85OS5wZGYAAAAAAAAAAAAAAAAAAAAAAAAAAAAAAAAAAAAAAAAAAAAAAAAAAAAAAAAAAAAAAAABkIou0wDJ5wAAAAAAAAAAAAEAAwAACSAAAAAAAAAAAAAAAAAAAAAGRlN1bWJhABAACAAA0ImcSgAAABEACAAA0wEQNwAAAAEAGAGQNjYBhH5rAXs37gAJcbwACUNIAAKT0wACAFVNYWNpbnRvc2ggSEQ6VXNlcnM6AGN1ZW50OgBEcm9wYm94OgBNYXNrYW5hX3YyX0xhVGVYOgBwYXBlcnM6AEZTdW1iYToAMTUgcGFwZXJfOTkucGRmAAAOACAADwAxADUAIABwAGEAcABlAHIAXwA5ADkALgBwAGQAZgAPABoADABNAGEAYwBpAG4AdABvAHMAaAAgAEgARAASAEJVc2Vycy9jdWVudC9Ecm9wYm94L01hc2thbmFfdjJfTGFUZVgvcGFwZXJzL0ZTdW1iYS8xNSBwYXBlcl85OS5wZGYAEwABLwAAFQACAAz//wAAgAbSGxwdHlokY2xhc3NuYW1lWCRjbGFzc2VzXU5TTXV0YWJsZURhdGGjHR8gVk5TRGF0YVhOU09iamVjdNIbHCIjXE5TRGljdGlvbmFyeaIiIF8QD05TS2V5ZWRBcmNoaXZlctEmJ1Ryb290gAEACAARABoAIwAtADIANwBAAEYATQBVAGAAZwBqAGwAbgBxAHMAdQB3AIQAjgCxALYAvgKIAooCjwKaAqMCsQK1ArwCxQLKAtcC2gLsAu8C9AAAAAAAAAIBAAAAAAAAACgAAAAAAAAAAAAAAAAAAAL2}}

@inbook{Krisnadhi01,
	Address = {Cham},
	Author = {Krisnadhi, Adila and Hu, Yingjie and Janowicz, Krzysztof and Hitzler, Pascal and Arko, Robert and Carbotte, Suzanne and Chandler, Cynthia and Cheatham, Michelle and Fils, Douglas and Finin, Timothy and Ji, Peng and Jones, Matthew and Karima, Nazifa and Lehnert, Kerstin and Mickle, Audrey and Narock, Thomas and O'Brien, Margaret and Raymond, Lisa and Shepherd, Adam and Schildhauer, Mark and Wiebe, Peter},
	Chapter = {The GeoLink Modular Oceanography Ontology},
	Date-Added = {2016-03-06 01:23:48 +0000},
	Date-Modified = {2016-03-06 01:29:53 +0000},
	Doi = {10.1007/978-3-319-25010-6_19},
	Editor = {Arenas, Marcelo and Corcho, Oscar and Simperl, Elena and Strohmaier, Markus and d'Aquin, Mathieu and Srinivas, Kavitha and Groth, Paul and Dumontier, Michel and Heflin, Jeff and Thirunarayan, Krishnaprasad and Staab, Steffen},
	Isbn = {978-3-319-25010-6},
	Pages = {301--309},
	Publisher = {Springer International Publishing},
	Title = {The Semantic Web - ISWC 2015: 14th International Semantic Web Conference, Bethlehem, PA, USA, October 11-15, 2015, Proceedings, Part II},
	Url = {http://dx.doi.org/10.1007/978-3-319-25010-6_19},
	Year = {2015},
	Bdsk-File-1 = {YnBsaXN0MDDUAQIDBAUGJCVYJHZlcnNpb25YJG9iamVjdHNZJGFyY2hpdmVyVCR0b3ASAAGGoKgHCBMUFRYaIVUkbnVsbNMJCgsMDxJXTlMua2V5c1pOUy5vYmplY3RzViRjbGFzc6INDoACgAOiEBGABIAFgAdccmVsYXRpdmVQYXRoWWFsaWFzRGF0YV8QLS4uL3BhcGVycy9GU3VtYmEvMTQgMjAxNS1nZW9saW5rLW9udG9sb2d5LnBkZtIXCxgZV05TLmRhdGFPEQH6AAAAAAH6AAIAAAxNYWNpbnRvc2ggSEQAAAAAAAAAAAAAAAAAAADQiVX6SCsAAAGQNjYcMTQgMjAxNS1nZW9saW5rLW9udG9sb2d5LnBkZgAAAAAAAAAAAAAAAAAAAAAAAAAAAAAAAAAAAAAAAAAAAAAAAZCKNtMAycUAAAAAAAAAAAABAAMAAAkgAAAAAAAAAAAAAAAAAAAABkZTdW1iYQAQAAgAANCJnEoAAAARAAgAANMBEBUAAAABABgBkDY2AYR+awF7N+4ACXG8AAlDSAACk9MAAgBiTWFjaW50b3NoIEhEOlVzZXJzOgBjdWVudDoARHJvcGJveDoATWFza2FuYV92Ml9MYVRlWDoAcGFwZXJzOgBGU3VtYmE6ADE0IDIwMTUtZ2VvbGluay1vbnRvbG9neS5wZGYADgA6ABwAMQA0ACAAMgAwADEANQAtAGcAZQBvAGwAaQBuAGsALQBvAG4AdABvAGwAbwBnAHkALgBwAGQAZgAPABoADABNAGEAYwBpAG4AdABvAHMAaAAgAEgARAASAE9Vc2Vycy9jdWVudC9Ecm9wYm94L01hc2thbmFfdjJfTGFUZVgvcGFwZXJzL0ZTdW1iYS8xNCAyMDE1LWdlb2xpbmstb250b2xvZ3kucGRmAAATAAEvAAAVAAIADP//AACABtIbHB0eWiRjbGFzc25hbWVYJGNsYXNzZXNdTlNNdXRhYmxlRGF0YaMdHyBWTlNEYXRhWE5TT2JqZWN00hscIiNcTlNEaWN0aW9uYXJ5oiIgXxAPTlNLZXllZEFyY2hpdmVy0SYnVHJvb3SAAQAIABEAGgAjAC0AMgA3AEAARgBNAFUAYABnAGoAbABuAHEAcwB1AHcAhACOAL4AwwDLAskCywLQAtsC5ALyAvYC/QMGAwsDGAMbAy0DMAM1AAAAAAAAAgEAAAAAAAAAKAAAAAAAAAAAAAAAAAAAAzc=},
	Bdsk-Url-1 = {http://dx.doi.org/10.1007/978-3-319-25010-6_19}}

@misc{Albornoz,
	Author = {Facundo Albornoz and Pablo Warnes},
	Date-Added = {2016-03-06 01:19:03 +0000},
	Date-Modified = {2016-03-06 01:22:00 +0000},
	Title = {El estado de la ciencia en im{\'a}genes},
	Year = {2013},
	Bdsk-File-1 = {YnBsaXN0MDDUAQIDBAUGJCVYJHZlcnNpb25YJG9iamVjdHNZJGFyY2hpdmVyVCR0b3ASAAGGoKgHCBMUFRYaIVUkbnVsbNMJCgsMDxJXTlMua2V5c1pOUy5vYmplY3RzViRjbGFzc6INDoACgAOiEBGABIAFgAdccmVsYXRpdmVQYXRoWWFsaWFzRGF0YV8QLi4uL3BhcGVycy9GU3VtYmEvMTMgRTIwMTVfRXN0YWRvZW5pbWFnZW5lcy5wZGbSFwsYGVdOUy5kYXRhTxEB/gAAAAAB/gACAAAMTWFjaW50b3NoIEhEAAAAAAAAAAAAAAAAAAAA0IlV+kgrAAABkDY2HTEzIEUyMDE1X0VzdGFkb2VuaW1hZ2VuZXMucGRmAAAAAAAAAAAAAAAAAAAAAAAAAAAAAAAAAAAAAAAAAAAAAAGQijjTALsaAAAAAAAAAAAAAQADAAAJIAAAAAAAAAAAAAAAAAAAAAZGU3VtYmEAEAAIAADQiZxKAAAAEQAIAADTAQFqAAAAAQAYAZA2NgGEfmsBezfuAAlxvAAJQ0gAApPTAAIAY01hY2ludG9zaCBIRDpVc2VyczoAY3VlbnQ6AERyb3Bib3g6AE1hc2thbmFfdjJfTGFUZVg6AHBhcGVyczoARlN1bWJhOgAxMyBFMjAxNV9Fc3RhZG9lbmltYWdlbmVzLnBkZgAADgA8AB0AMQAzACAARQAyADAAMQA1AF8ARQBzAHQAYQBkAG8AZQBuAGkAbQBhAGcAZQBuAGUAcwAuAHAAZABmAA8AGgAMAE0AYQBjAGkAbgB0AG8AcwBoACAASABEABIAUFVzZXJzL2N1ZW50L0Ryb3Bib3gvTWFza2FuYV92Ml9MYVRlWC9wYXBlcnMvRlN1bWJhLzEzIEUyMDE1X0VzdGFkb2VuaW1hZ2VuZXMucGRmABMAAS8AABUAAgAM//8AAIAG0hscHR5aJGNsYXNzbmFtZVgkY2xhc3Nlc11OU011dGFibGVEYXRhox0fIFZOU0RhdGFYTlNPYmplY3TSGxwiI1xOU0RpY3Rpb25hcnmiIiBfEA9OU0tleWVkQXJjaGl2ZXLRJidUcm9vdIABAAgAEQAaACMALQAyADcAQABGAE0AVQBgAGcAagBsAG4AcQBzAHUAdwCEAI4AvwDEAMwCzgLQAtUC4ALpAvcC+wMCAwsDEAMdAyADMgM1AzoAAAAAAAACAQAAAAAAAAAoAAAAAAAAAAAAAAAAAAADPA==}}

@misc{Ortiz,
	Abstract = {Nowadays, Web Services are widely used so that there is an immense collection of applications on the Web. Most of such applications, like information services about: weather, sports, news, among and others, rely on the use the REST architecture. Due to the massification that Web Services have reached, it is evident that more sophisticated mechanisms for managing and exploitation them are needed therefore, activities of web services such as discovery, searching and composition have become daily tasks among developers. However, some tasks implementation brings some obstacles caused by the lack of automatization within its processes, which requires high human intervention.
 Currently, the main approach in solving the problem proposed by the lack of automation tasks related to the management of Web Services corresponds to the incorporation of semantic annotations. This approach aims to help computers to interpret and understand the information of Web Services, so that the aforementioned tasks (discovery, searching and composition) can be automated. Nonetheless, most of semantic annotations approaches require manual procedures up to date. Within this context, this thesis work describes the development of a platform for Web Services automatic semantic annotation, a platform that allows generating semantic annotations with reduced human intervention through the development of a component that allows the automatic selection of ontologies according to the Web Services domain.},
	Author = {Ortiz Vivar, J. E. and Segarra Flores, J. L.},
	Date-Added = {2016-03-05 20:08:47 +0000},
	Date-Modified = {2016-03-05 20:17:34 +0000},
	Month = {sep},
	School = {Universidad de Cuenca},
	Title = {Plataforma para la anotaci\'on sem\'antica de servicio web RESTful sobre un bus de servicios},
	Year = {2015},
	Bdsk-File-1 = {YnBsaXN0MDDUAQIDBAUGJCVYJHZlcnNpb25YJG9iamVjdHNZJGFyY2hpdmVyVCR0b3ASAAGGoKgHCBMUFRYaIVUkbnVsbNMJCgsMDxJXTlMua2V5c1pOUy5vYmplY3RzViRjbGFzc6INDoACgAOiEBGABIAFgAdccmVsYXRpdmVQYXRoWWFsaWFzRGF0YV8QHC4uL3BhcGVycy9GU3VtYmEvMiB0ZXNpcy5wZGbSFwsYGVdOUy5kYXRhTxEBtgAAAAABtgACAAAMTWFjaW50b3NoIEhEAAAAAAAAAAAAAAAAAAAA0IlV+kgrAAABkDY2CzIgdGVzaXMucGRmAAAAAAAAAAAAAAAAAAAAAAAAAAAAAAAAAAAAAAAAAAAAAAAAAAAAAAAAAAAAAAAAAAAAAADzZqbStVPKAAAAAAAAAAAAAQADAAAJIAAAAAAAAAAAAAAAAAAAAAZGU3VtYmEAEAAIAADQiZxKAAAAEQAIAADStZoaAAAAAQAYAZA2NgGEfmsBezfuAAlxvAAJQ0gAApPTAAIAUU1hY2ludG9zaCBIRDpVc2VyczoAY3VlbnQ6AERyb3Bib3g6AE1hc2thbmFfdjJfTGFUZVg6AHBhcGVyczoARlN1bWJhOgAyIHRlc2lzLnBkZgAADgAYAAsAMgAgAHQAZQBzAGkAcwAuAHAAZABmAA8AGgAMAE0AYQBjAGkAbgB0AG8AcwBoACAASABEABIAPlVzZXJzL2N1ZW50L0Ryb3Bib3gvTWFza2FuYV92Ml9MYVRlWC9wYXBlcnMvRlN1bWJhLzIgdGVzaXMucGRmABMAAS8AABUAAgAM//8AAIAG0hscHR5aJGNsYXNzbmFtZVgkY2xhc3Nlc11OU011dGFibGVEYXRhox0fIFZOU0RhdGFYTlNPYmplY3TSGxwiI1xOU0RpY3Rpb25hcnmiIiBfEA9OU0tleWVkQXJjaGl2ZXLRJidUcm9vdIABAAgAEQAaACMALQAyADcAQABGAE0AVQBgAGcAagBsAG4AcQBzAHUAdwCEAI4ArQCyALoCdAJ2AnsChgKPAp0CoQKoArECtgLDAsYC2ALbAuAAAAAAAAACAQAAAAAAAAAoAAAAAAAAAAAAAAAAAAAC4g==}}

@article{Griffiths,
	Author = {Griffiths, Thomas L. and Steyvers, Mark},
	Date-Added = {2016-03-05 19:58:09 +0000},
	Date-Modified = {2016-03-05 20:00:23 +0000},
	Journal = {Proceedings of the National Academy of Sciences},
	Keywords = {topic series time from:hotho trend detection ml},
	Title = {Finding scientific topics},
	Year = {2004},
	Bdsk-File-1 = {YnBsaXN0MDDUAQIDBAUGJCVYJHZlcnNpb25YJG9iamVjdHNZJGFyY2hpdmVyVCR0b3ASAAGGoKgHCBMUFRYaIVUkbnVsbNMJCgsMDxJXTlMua2V5c1pOUy5vYmplY3RzViRjbGFzc6INDoACgAOiEBGABIAFgAdccmVsYXRpdmVQYXRoWWFsaWFzRGF0YV8QMy4uL3BhcGVycy9YU3VtYmEvMTQgUE5BUy0yMDA0LUdyaWZmaXRocy01MjI4LTM1LnBkZtIXCxgZV05TLmRhdGFPEQIQAAAAAAIQAAIAAAxNYWNpbnRvc2ggSEQAAAAAAAAAAAAAAAAAAADQiVX6SCsAAAGQNfEfMTQgUE5BUy0yMDA0LUdyaWZmaSMxOEY5NUM3LnBkZgAAAAAAAAAAAAAAAAAAAAAAAAAAAAAAAAAAAAAAAAAAAY+Vx9L+fC4AAAAAAAAAAAABAAMAAAkgAAAAAAAAAAAAAAAAAAAABlhTdW1iYQAQAAgAANCJnEoAAAARAAgAANL+wn4AAAABABgBkDXxAYR+awF7N+4ACXG8AAlDSAACk9MAAgBlTWFjaW50b3NoIEhEOlVzZXJzOgBjdWVudDoARHJvcGJveDoATWFza2FuYV92Ml9MYVRlWDoAcGFwZXJzOgBYU3VtYmE6ADE0IFBOQVMtMjAwNC1HcmlmZmkjMThGOTVDNy5wZGYAAA4ARgAiADEANAAgAFAATgBBAFMALQAyADAAMAA0AC0ARwByAGkAZgBmAGkAdABoAHMALQA1ADIAMgA4AC0AMwA1AC4AcABkAGYADwAaAAwATQBhAGMAaQBuAHQAbwBzAGgAIABIAEQAEgBVVXNlcnMvY3VlbnQvRHJvcGJveC9NYXNrYW5hX3YyX0xhVGVYL3BhcGVycy9YU3VtYmEvMTQgUE5BUy0yMDA0LUdyaWZmaXRocy01MjI4LTM1LnBkZgAAEwABLwAAFQACAAz//wAAgAbSGxwdHlokY2xhc3NuYW1lWCRjbGFzc2VzXU5TTXV0YWJsZURhdGGjHR8gVk5TRGF0YVhOU09iamVjdNIbHCIjXE5TRGljdGlvbmFyeaIiIF8QD05TS2V5ZWRBcmNoaXZlctEmJ1Ryb290gAEACAARABoAIwAtADIANwBAAEYATQBVAGAAZwBqAGwAbgBxAHMAdQB3AIQAjgDEAMkA0QLlAucC7AL3AwADDgMSAxkDIgMnAzQDNwNJA0wDUQAAAAAAAAIBAAAAAAAAACgAAAAAAAAAAAAAAAAAAANT}}

@inproceedings{Biro,
	Acmid = {1531922},
	Address = {New York, NY, USA},
	Author = {B\'{\i}r\'{o}, Istv\'{a}n and Sikl\'{o}si, D\'{a}vid and Szab\'{o}, J\'{a}cint and Bencz\'{u}r, Andr\'{a}s A.},
	Booktitle = {Proceedings of the 5th International Workshop on Adversarial Information Retrieval on the Web},
	Date-Added = {2016-03-05 19:55:42 +0000},
	Date-Modified = {2016-03-05 19:56:11 +0000},
	Doi = {10.1145/1531914.1531922},
	Isbn = {978-1-60558-438-6},
	Keywords = {document classification, feature selection, information retrieval, latent Dirichlet allocation, text analysis, web content spam},
	Location = {Madrid, Spain},
	Numpages = {4},
	Pages = {37--40},
	Publisher = {ACM},
	Series = {AIRWeb '09},
	Title = {Linked Latent Dirichlet Allocation in Web Spam Filtering},
	Url = {http://doi.acm.org/10.1145/1531914.1531922},
	Year = {2009},
	Bdsk-File-1 = {YnBsaXN0MDDUAQIDBAUGJCVYJHZlcnNpb25YJG9iamVjdHNZJGFyY2hpdmVyVCR0b3ASAAGGoKgHCBMUFRYaIVUkbnVsbNMJCgsMDxJXTlMua2V5c1pOUy5vYmplY3RzViRjbGFzc6INDoACgAOiEBGABIAFgAdccmVsYXRpdmVQYXRoWWFsaWFzRGF0YV8QJy4uL3BhcGVycy9YU3VtYmEvMTUgMTAuMS4xLjMzMC44NTk0LnBkZtIXCxgZV05TLmRhdGFPEQHiAAAAAAHiAAIAAAxNYWNpbnRvc2ggSEQAAAAAAAAAAAAAAAAAAADQiVX6SCsAAAGQNfEWMTUgMTAuMS4xLjMzMC44NTk0LnBkZgAAAAAAAAAAAAAAAAAAAAAAAAAAAAAAAAAAAAAAAAAAAAAAAAAAAAAAAY+ZzdL+fKwAAAAAAAAAAAABAAMAAAkgAAAAAAAAAAAAAAAAAAAABlhTdW1iYQAQAAgAANCJnEoAAAARAAgAANL+wvwAAAABABgBkDXxAYR+awF7N+4ACXG8AAlDSAACk9MAAgBcTWFjaW50b3NoIEhEOlVzZXJzOgBjdWVudDoARHJvcGJveDoATWFza2FuYV92Ml9MYVRlWDoAcGFwZXJzOgBYU3VtYmE6ADE1IDEwLjEuMS4zMzAuODU5NC5wZGYADgAuABYAMQA1ACAAMQAwAC4AMQAuADEALgAzADMAMAAuADgANQA5ADQALgBwAGQAZgAPABoADABNAGEAYwBpAG4AdABvAHMAaAAgAEgARAASAElVc2Vycy9jdWVudC9Ecm9wYm94L01hc2thbmFfdjJfTGFUZVgvcGFwZXJzL1hTdW1iYS8xNSAxMC4xLjEuMzMwLjg1OTQucGRmAAATAAEvAAAVAAIADP//AACABtIbHB0eWiRjbGFzc25hbWVYJGNsYXNzZXNdTlNNdXRhYmxlRGF0YaMdHyBWTlNEYXRhWE5TT2JqZWN00hscIiNcTlNEaWN0aW9uYXJ5oiIgXxAPTlNLZXllZEFyY2hpdmVy0SYnVHJvb3SAAQAIABEAGgAjAC0AMgA3AEAARgBNAFUAYABnAGoAbABuAHEAcwB1AHcAhACOALgAvQDFAqsCrQKyAr0CxgLUAtgC3wLoAu0C+gL9Aw8DEgMXAAAAAAAAAgEAAAAAAAAAKAAAAAAAAAAAAAAAAAAAAxk=},
	Bdsk-Url-1 = {http://doi.acm.org/10.1145/1531914.1531922},
	Bdsk-Url-2 = {http://dx.doi.org/10.1145/1531914.1531922}}

@inproceedings{Krestel,
	Abstract = {Tagging systems have become major infrastructures on the Web. They allow users to create tags that annotate and categorize content and share them with other users, very helpful in particular for searching multimedia content. However, as tagging is not constrained by a controlled vocabulary and annotation guidelines, tags tend to be noisy and sparse. Especially new resources annotated by only a few users have often rather idiosyncratic tags that do not reflect a common perspective useful for search. In this paper we introduce an approach based on Latent Dirichlet Allocation (LDA) for recommending tags of resources in order to improve search. Resources annotated by many users and thus equipped with a fairly stable and complete tag set are used to elicit latent topics to which new resources with only a few tags are mapped. Based on this, other tags belonging to a topic can be recommended for the new resource. Our evaluation shows that the approach achieves significantly better precision and recall than the use of association rules, suggested in previous work, and also recommends more specific tags. Moreover, extending resources with these recommended tags significantly improves search for new resources.},
	Address = {New York, NY, USA},
	Author = {Krestel, Ralf and Fankhauser, Peter and Nejdl, Wolfgang},
	Booktitle = {Proceedings of the third ACM conference on Recommender systems},
	Date-Added = {2016-03-05 19:50:11 +0000},
	Date-Modified = {2016-03-05 19:52:55 +0000},
	Keywords = {lda recommender tag warwick},
	Pages = {61--68},
	Publisher = {ACM},
	Title = {Latent dirichlet allocation for tag recommendation},
	Year = {2009},
	Bdsk-File-1 = {YnBsaXN0MDDUAQIDBAUGJCVYJHZlcnNpb25YJG9iamVjdHNZJGFyY2hpdmVyVCR0b3ASAAGGoKgHCBMUFRYaIVUkbnVsbNMJCgsMDxJXTlMua2V5c1pOUy5vYmplY3RzViRjbGFzc6INDoACgAOiEBGABIAFgAdccmVsYXRpdmVQYXRoWWFsaWFzRGF0YV8QMC4uL3BhcGVycy9YU3VtYmEvMTMgMDJlN2U1MWU0MmE5OTRmNDE1MDAwMDAwLnBkZtIXCxgZV05TLmRhdGFPEQIGAAAAAAIGAAIAAAxNYWNpbnRvc2ggSEQAAAAAAAAAAAAAAAAAAADQiVX6SCsAAAGQNfEfMTMgMDJlN2U1MWU0MmE5OTRmNDE1MDAwMDAwLnBkZgAAAAAAAAAAAAAAAAAAAAAAAAAAAAAAAAAAAAAAAAAAAY+SddL+e9kAAAAAAAAAAAABAAMAAAkgAAAAAAAAAAAAAAAAAAAABlhTdW1iYQAQAAgAANCJnEoAAAARAAgAANL+wikAAAABABgBkDXxAYR+awF7N+4ACXG8AAlDSAACk9MAAgBlTWFjaW50b3NoIEhEOlVzZXJzOgBjdWVudDoARHJvcGJveDoATWFza2FuYV92Ml9MYVRlWDoAcGFwZXJzOgBYU3VtYmE6ADEzIDAyZTdlNTFlNDJhOTk0ZjQxNTAwMDAwMC5wZGYAAA4AQAAfADEAMwAgADAAMgBlADcAZQA1ADEAZQA0ADIAYQA5ADkANABmADQAMQA1ADAAMAAwADAAMAAwAC4AcABkAGYADwAaAAwATQBhAGMAaQBuAHQAbwBzAGgAIABIAEQAEgBSVXNlcnMvY3VlbnQvRHJvcGJveC9NYXNrYW5hX3YyX0xhVGVYL3BhcGVycy9YU3VtYmEvMTMgMDJlN2U1MWU0MmE5OTRmNDE1MDAwMDAwLnBkZgATAAEvAAAVAAIADP//AACABtIbHB0eWiRjbGFzc25hbWVYJGNsYXNzZXNdTlNNdXRhYmxlRGF0YaMdHyBWTlNEYXRhWE5TT2JqZWN00hscIiNcTlNEaWN0aW9uYXJ5oiIgXxAPTlNLZXllZEFyY2hpdmVy0SYnVHJvb3SAAQAIABEAGgAjAC0AMgA3AEAARgBNAFUAYABnAGoAbABuAHEAcwB1AHcAhACOAMEAxgDOAtgC2gLfAuoC8wMBAwUDDAMVAxoDJwMqAzwDPwNEAAAAAAAAAgEAAAAAAAAAKAAAAAAAAAAAAAAAAAAAA0Y=}}

@article{Blei,
	Abstract = {We describe latent Dirichlet allocation (LDA), a generative probabilistic model for collections of discrete data such as text corpora. LDA is a three-level hierarchical Bayesian model, in which each item of a collection is modeled as a finite mixture over an underlying set of topics. Each topic is, in turn, modeled as an infinite mixture over an underlying set of topic probabilities. In the context of text modeling, the topic probabilities provide an explicit representation of a document. We present efficient approximate inference techniques based on variational methods and an EM algorithm for empirical Bayes parameter estimation. We report results in document modeling, text classification, and collaborative filtering, comparing to a mixture of unigrams model and the probabilistic LSI model.},
	Author = {Blei, David M. and Ng, Andrew Y. and Jordan, Michael I.},
	Booktitle = {J. Mach. Learn. Res.},
	Date-Added = {2016-03-05 19:45:48 +0000},
	Date-Modified = {2016-03-05 19:47:23 +0000},
	Journal = {J. Mach. Learn. Res.},
	Month = {mar},
	Number = {30},
	Pages = {993--1022},
	Title = {Latent Dirichlet Allocation},
	Volume = {3},
	Year = {2003},
	Bdsk-File-1 = {YnBsaXN0MDDUAQIDBAUGJCVYJHZlcnNpb25YJG9iamVjdHNZJGFyY2hpdmVyVCR0b3ASAAGGoKgHCBMUFRYaIVUkbnVsbNMJCgsMDxJXTlMua2V5c1pOUy5vYmplY3RzViRjbGFzc6INDoACgAOiEBGABIAFgAdccmVsYXRpdmVQYXRoWWFsaWFzRGF0YV8QKC4uL3BhcGVycy9YU3VtYmEvMTEgQmxlaU5nSm9yZGFuMjAwMy5wZGbSFwsYGVdOUy5kYXRhTxEB5gAAAAAB5gACAAAMTWFjaW50b3NoIEhEAAAAAAAAAAAAAAAAAAAA0IlV+kgrAAABkDXxFzExIEJsZWlOZ0pvcmRhbjIwMDMucGRmAAAAAAAAAAAAAAAAAAAAAAAAAAAAAAAAAAAAAAAAAAAAAAAAAAAAAAEBMRHSxr22AAAAAAAAAAAAAQADAAAJIAAAAAAAAAAAAAAAAAAAAAZYU3VtYmEAEAAIAADQiZxKAAAAEQAIAADSxwQGAAAAAQAYAZA18QGEfmsBezfuAAlxvAAJQ0gAApPTAAIAXU1hY2ludG9zaCBIRDpVc2VyczoAY3VlbnQ6AERyb3Bib3g6AE1hc2thbmFfdjJfTGFUZVg6AHBhcGVyczoAWFN1bWJhOgAxMSBCbGVpTmdKb3JkYW4yMDAzLnBkZgAADgAwABcAMQAxACAAQgBsAGUAaQBOAGcASgBvAHIAZABhAG4AMgAwADAAMwAuAHAAZABmAA8AGgAMAE0AYQBjAGkAbgB0AG8AcwBoACAASABEABIASlVzZXJzL2N1ZW50L0Ryb3Bib3gvTWFza2FuYV92Ml9MYVRlWC9wYXBlcnMvWFN1bWJhLzExIEJsZWlOZ0pvcmRhbjIwMDMucGRmABMAAS8AABUAAgAM//8AAIAG0hscHR5aJGNsYXNzbmFtZVgkY2xhc3Nlc11OU011dGFibGVEYXRhox0fIFZOU0RhdGFYTlNPYmplY3TSGxwiI1xOU0RpY3Rpb25hcnmiIiBfEA9OU0tleWVkQXJjaGl2ZXLRJidUcm9vdIABAAgAEQAaACMALQAyADcAQABGAE0AVQBgAGcAagBsAG4AcQBzAHUAdwCEAI4AuQC+AMYCsAKyArcCwgLLAtkC3QLkAu0C8gL/AwIDFAMXAxwAAAAAAAACAQAAAAAAAAAoAAAAAAAAAAAAAAAAAAADHg==}}

@incollection{Yee,
	Author = {Yee W. Teh and David Newman and Welling, Max},
	Booktitle = {Advances in Neural Information Processing Systems 19},
	Date-Added = {2016-03-05 19:42:53 +0000},
	Date-Modified = {2016-03-05 19:42:53 +0000},
	Editor = {B. Sch\"{o}lkopf and J. C. Platt and T. Hoffman},
	Pages = {1353--1360},
	Publisher = {MIT Press},
	Title = {A Collapsed Variational Bayesian Inference Algorithm for Latent Dirichlet Allocation},
	Url = {http://papers.nips.cc/paper/3113-a-collapsed-variational-bayesian-inference-algorithm-for-latent-dirichlet-allocation.pdf},
	Year = {2007},
	Bdsk-File-1 = {YnBsaXN0MDDUAQIDBAUGJCVYJHZlcnNpb25YJG9iamVjdHNZJGFyY2hpdmVyVCR0b3ASAAGGoKgHCBMUFRYaIVUkbnVsbNMJCgsMDxJXTlMua2V5c1pOUy5vYmplY3RzViRjbGFzc6INDoACgAOiEBGABIAFgAdccmVsYXRpdmVQYXRoWWFsaWFzRGF0YV8QcS4uL3BhcGVycy9YU3VtYmEvMTIgMzExMy1hLWNvbGxhcHNlZC12YXJpYXRpb25hbC1iYXllc2lhbi1pbmZlcmVuY2UtYWxnb3JpdGhtLWZvci1sYXRlbnQtZGlyaWNobGV0LWFsbG9jYXRpb24ucGRm0hcLGBlXTlMuZGF0YU8RAsoAAAAAAsoAAgAADE1hY2ludG9zaCBIRAAAAAAAAAAAAAAAAAAAANCJVfpIKwAAAZA18R8xMiAzMTEzLWEtY29sbGFwc2VkLSNGRDc4RTcucGRmAAAAAAAAAAAAAAAAAAAAAAAAAAAAAAAAAAAAAAAAAAAA/Xjn0sK7QwAAAAAAAAAAAAEAAwAACSAAAAAAAAAAAAAAAAAAAAAGWFN1bWJhABAACAAA0ImcSgAAABEACAAA0sMBkwAAAAEAGAGQNfEBhH5rAXs37gAJcbwACUNIAAKT0wACAGVNYWNpbnRvc2ggSEQ6VXNlcnM6AGN1ZW50OgBEcm9wYm94OgBNYXNrYW5hX3YyX0xhVGVYOgBwYXBlcnM6AFhTdW1iYToAMTIgMzExMy1hLWNvbGxhcHNlZC0jRkQ3OEU3LnBkZgAADgDCAGAAMQAyACAAMwAxADEAMwAtAGEALQBjAG8AbABsAGEAcABzAGUAZAAtAHYAYQByAGkAYQB0AGkAbwBuAGEAbAAtAGIAYQB5AGUAcwBpAGEAbgAtAGkAbgBmAGUAcgBlAG4AYwBlAC0AYQBsAGcAbwByAGkAdABoAG0ALQBmAG8AcgAtAGwAYQB0AGUAbgB0AC0AZABpAHIAaQBjAGgAbABlAHQALQBhAGwAbABvAGMAYQB0AGkAbwBuAC4AcABkAGYADwAaAAwATQBhAGMAaQBuAHQAbwBzAGgAIABIAEQAEgCTVXNlcnMvY3VlbnQvRHJvcGJveC9NYXNrYW5hX3YyX0xhVGVYL3BhcGVycy9YU3VtYmEvMTIgMzExMy1hLWNvbGxhcHNlZC12YXJpYXRpb25hbC1iYXllc2lhbi1pbmZlcmVuY2UtYWxnb3JpdGhtLWZvci1sYXRlbnQtZGlyaWNobGV0LWFsbG9jYXRpb24ucGRmAAATAAEvAAAVAAIADP//AACABtIbHB0eWiRjbGFzc25hbWVYJGNsYXNzZXNdTlNNdXRhYmxlRGF0YaMdHyBWTlNEYXRhWE5TT2JqZWN00hscIiNcTlNEaWN0aW9uYXJ5oiIgXxAPTlNLZXllZEFyY2hpdmVy0SYnVHJvb3SAAQAIABEAGgAjAC0AMgA3AEAARgBNAFUAYABnAGoAbABuAHEAcwB1AHcAhACOAQIBBwEPA90D3wPkA+8D+AQGBAoEEQQaBB8ELAQvBEEERARJAAAAAAAAAgEAAAAAAAAAKAAAAAAAAAAAAAAAAAAABEs=},
	Bdsk-Url-1 = {http://papers.nips.cc/paper/3113-a-collapsed-variational-bayesian-inference-algorithm-for-latent-dirichlet-allocation.pdf}}

@inproceedings{Shindler,
	Author = {Shindler, Michael and Wong, Alex and Meyerson, Adam},
	Booktitle = {NIPS},
	Date-Added = {2016-03-05 19:01:30 +0000},
	Date-Modified = {2016-03-05 19:04:15 +0000},
	Editor = {Shawe-Taylor, John and Zemel, Richard S. and Bartlett, Peter L. and Pereira, Fernando C. N. and Weinberger, Kilian Q.},
	Pages = {2375--2383},
	Title = {Fast and Accurate k-means For Large Datasets.},
	Year = {2011},
	Bdsk-File-1 = {YnBsaXN0MDDUAQIDBAUGJCVYJHZlcnNpb25YJG9iamVjdHNZJGFyY2hpdmVyVCR0b3ASAAGGoKgHCBMUFRYaIVUkbnVsbNMJCgsMDxJXTlMua2V5c1pOUy5vYmplY3RzViRjbGFzc6INDoACgAOiEBGABIAFgAdccmVsYXRpdmVQYXRoWWFsaWFzRGF0YV8QSS4uL3BhcGVycy9YU3VtYmEvMTAgNDM2Mi1mYXN0LWFuZC1hY2N1cmF0ZS1rLW1lYW5zLWZvci1sYXJnZS1kYXRhc2V0cy5wZGbSFwsYGVdOUy5kYXRhTxECUgAAAAACUgACAAAMTWFjaW50b3NoIEhEAAAAAAAAAAAAAAAAAAAA0IlV+kgrAAABkDXxHzEwIDQzNjItZmFzdC1hbmQtYWMjMThFQjg4RC5wZGYAAAAAAAAAAAAAAAAAAAAAAAAAAAAAAAAAAAAAAAAAAAGOuI3S/gCAAAAAAAAAAAAAAQADAAAJIAAAAAAAAAAAAAAAAAAAAAZYU3VtYmEAEAAIAADQiZxKAAAAEQAIAADS/kbQAAAAAQAYAZA18QGEfmsBezfuAAlxvAAJQ0gAApPTAAIAZU1hY2ludG9zaCBIRDpVc2VyczoAY3VlbnQ6AERyb3Bib3g6AE1hc2thbmFfdjJfTGFUZVg6AHBhcGVyczoAWFN1bWJhOgAxMCA0MzYyLWZhc3QtYW5kLWFjIzE4RUI4OEQucGRmAAAOAHIAOAAxADAAIAA0ADMANgAyAC0AZgBhAHMAdAAtAGEAbgBkAC0AYQBjAGMAdQByAGEAdABlAC0AawAtAG0AZQBhAG4AcwAtAGYAbwByAC0AbABhAHIAZwBlAC0AZABhAHQAYQBzAGUAdABzAC4AcABkAGYADwAaAAwATQBhAGMAaQBuAHQAbwBzAGgAIABIAEQAEgBrVXNlcnMvY3VlbnQvRHJvcGJveC9NYXNrYW5hX3YyX0xhVGVYL3BhcGVycy9YU3VtYmEvMTAgNDM2Mi1mYXN0LWFuZC1hY2N1cmF0ZS1rLW1lYW5zLWZvci1sYXJnZS1kYXRhc2V0cy5wZGYAABMAAS8AABUAAgAM//8AAIAG0hscHR5aJGNsYXNzbmFtZVgkY2xhc3Nlc11OU011dGFibGVEYXRhox0fIFZOU0RhdGFYTlNPYmplY3TSGxwiI1xOU0RpY3Rpb25hcnmiIiBfEA9OU0tleWVkQXJjaGl2ZXLRJidUcm9vdIABAAgAEQAaACMALQAyADcAQABGAE0AVQBgAGcAagBsAG4AcQBzAHUAdwCEAI4A2gDfAOcDPQM/A0QDTwNYA2YDagNxA3oDfwOMA48DoQOkA6kAAAAAAAACAQAAAAAAAAAoAAAAAAAAAAAAAAAAAAADqw==}}

@article{Lloyd,
	Author = {Lloyd, S.},
	Date-Added = {2016-03-05 18:55:07 +0000},
	Date-Modified = {2016-03-05 18:57:02 +0000},
	Journal = {IEEE Trans. Inf. Theor.},
	Month = {sep},
	Number = {2},
	Pages = {129--137},
	Title = {Least Squares Quantization in PCM},
	Volume = {28},
	Year = {2006},
	Bdsk-File-1 = {YnBsaXN0MDDUAQIDBAUGJCVYJHZlcnNpb25YJG9iamVjdHNZJGFyY2hpdmVyVCR0b3ASAAGGoKgHCBMUFRYaIVUkbnVsbNMJCgsMDxJXTlMua2V5c1pOUy5vYmplY3RzViRjbGFzc6INDoACgAOiEBGABIAFgAdccmVsYXRpdmVQYXRoWWFsaWFzRGF0YV8QJy4uL3BhcGVycy9YU3VtYmEvOS4gMTAuMS4xLjEzMS4xMzM4LnBkZtIXCxgZV05TLmRhdGFPEQHiAAAAAAHiAAIAAAxNYWNpbnRvc2ggSEQAAAAAAAAAAAAAAAAAAADQiVX6SCsAAAGQNfEWOS4gMTAuMS4xLjEzMS4xMzM4LnBkZgAAAAAAAAAAAAAAAAAAAAAAAAAAAAAAAAAAAAAAAAAAAAAAAAAAAAAAAQ7uUNLcFi0AAAAAAAAAAAABAAMAAAkgAAAAAAAAAAAAAAAAAAAABlhTdW1iYQAQAAgAANCJnEoAAAARAAgAANLcXH0AAAABABgBkDXxAYR+awF7N+4ACXG8AAlDSAACk9MAAgBcTWFjaW50b3NoIEhEOlVzZXJzOgBjdWVudDoARHJvcGJveDoATWFza2FuYV92Ml9MYVRlWDoAcGFwZXJzOgBYU3VtYmE6ADkuIDEwLjEuMS4xMzEuMTMzOC5wZGYADgAuABYAOQAuACAAMQAwAC4AMQAuADEALgAxADMAMQAuADEAMwAzADgALgBwAGQAZgAPABoADABNAGEAYwBpAG4AdABvAHMAaAAgAEgARAASAElVc2Vycy9jdWVudC9Ecm9wYm94L01hc2thbmFfdjJfTGFUZVgvcGFwZXJzL1hTdW1iYS85LiAxMC4xLjEuMTMxLjEzMzgucGRmAAATAAEvAAAVAAIADP//AACABtIbHB0eWiRjbGFzc25hbWVYJGNsYXNzZXNdTlNNdXRhYmxlRGF0YaMdHyBWTlNEYXRhWE5TT2JqZWN00hscIiNcTlNEaWN0aW9uYXJ5oiIgXxAPTlNLZXllZEFyY2hpdmVy0SYnVHJvb3SAAQAIABEAGgAjAC0AMgA3AEAARgBNAFUAYABnAGoAbABuAHEAcwB1AHcAhACOALgAvQDFAqsCrQKyAr0CxgLUAtgC3wLoAu0C+gL9Aw8DEgMXAAAAAAAAAgEAAAAAAAAAKAAAAAAAAAAAAAAAAAAAAxk=}}

@article{Victoria,
	Author = {Victoria J. Hodge and Jim Austin},
	Date-Added = {2016-03-05 18:43:44 +0000},
	Date-Modified = {2016-03-05 18:45:43 +0000},
	Journal = {Artificial Intelligence Review},
	Pages = {85--126},
	Title = {A Survey of Outlier Detection Methodologies},
	Volume = {22},
	Year = {2004},
	Bdsk-File-1 = {YnBsaXN0MDDUAQIDBAUGJCVYJHZlcnNpb25YJG9iamVjdHNZJGFyY2hpdmVyVCR0b3ASAAGGoKgHCBMUFRYaIVUkbnVsbNMJCgsMDxJXTlMua2V5c1pOUy5vYmplY3RzViRjbGFzc6INDoACgAOiEBGABIAFgAdccmVsYXRpdmVQYXRoWWFsaWFzRGF0YV8QIC4uL3BhcGVycy9YU3VtYmEvNC4gaG9kZ2V2ajQucGRm0hcLGBlXTlMuZGF0YU8RAcYAAAAAAcYAAgAADE1hY2ludG9zaCBIRAAAAAAAAAAAAAAAAAAAANCJVfpIKwAAAZA18Q80LiBob2RnZXZqNC5wZGYAAAAAAAAAAAAAAAAAAAAAAAAAAAAAAAAAAAAAAAAAAAAAAAAAAAAAAAAAAAAAAAABhbBI0vvR3QAAAAAAAAAAAAEAAwAACSAAAAAAAAAAAAAAAAAAAAAGWFN1bWJhABAACAAA0ImcSgAAABEACAAA0vwYLQAAAAEAGAGQNfEBhH5rAXs37gAJcbwACUNIAAKT0wACAFVNYWNpbnRvc2ggSEQ6VXNlcnM6AGN1ZW50OgBEcm9wYm94OgBNYXNrYW5hX3YyX0xhVGVYOgBwYXBlcnM6AFhTdW1iYToANC4gaG9kZ2V2ajQucGRmAAAOACAADwA0AC4AIABoAG8AZABnAGUAdgBqADQALgBwAGQAZgAPABoADABNAGEAYwBpAG4AdABvAHMAaAAgAEgARAASAEJVc2Vycy9jdWVudC9Ecm9wYm94L01hc2thbmFfdjJfTGFUZVgvcGFwZXJzL1hTdW1iYS80LiBob2RnZXZqNC5wZGYAEwABLwAAFQACAAz//wAAgAbSGxwdHlokY2xhc3NuYW1lWCRjbGFzc2VzXU5TTXV0YWJsZURhdGGjHR8gVk5TRGF0YVhOU09iamVjdNIbHCIjXE5TRGljdGlvbmFyeaIiIF8QD05TS2V5ZWRBcmNoaXZlctEmJ1Ryb290gAEACAARABoAIwAtADIANwBAAEYATQBVAGAAZwBqAGwAbgBxAHMAdQB3AIQAjgCxALYAvgKIAooCjwKaAqMCsQK1ArwCxQLKAtcC2gLsAu8C9AAAAAAAAAIBAAAAAAAAACgAAAAAAAAAAAAAAAAAAAL2}}

@article{Zamir,
	Author = {Oren Zamir and Oren Etzioni and Omid Madani and Richard M. Karp},
	Date-Added = {2016-03-05 18:37:54 +0000},
	Date-Modified = {2016-03-05 18:40:05 +0000},
	Journal = {AAAI},
	Title = {Fast and Intuitive Clustering of Web Documents},
	Year = {1997},
	Bdsk-File-1 = {YnBsaXN0MDDUAQIDBAUGJCVYJHZlcnNpb25YJG9iamVjdHNZJGFyY2hpdmVyVCR0b3ASAAGGoKgHCBMUFRYaIVUkbnVsbNMJCgsMDxJXTlMua2V5c1pOUy5vYmplY3RzViRjbGFzc6INDoACgAOiEBGABIAFgAdccmVsYXRpdmVQYXRoWWFsaWFzRGF0YV8QIS4uL3BhcGVycy9YU3VtYmEvNy4gS0REOTctMDYxLnBkZtIXCxgZV05TLmRhdGFPEQHKAAAAAAHKAAIAAAxNYWNpbnRvc2ggSEQAAAAAAAAAAAAAAAAAAADQiVX6SCsAAAGQNfEQNy4gS0REOTctMDYxLnBkZgAAAAAAAAAAAAAAAAAAAAAAAAAAAAAAAAAAAAAAAAAAAAAAAAAAAAAAAAAAAAAAAYXeSdL70xEAAAAAAAAAAAABAAMAAAkgAAAAAAAAAAAAAAAAAAAABlhTdW1iYQAQAAgAANCJnEoAAAARAAgAANL8GWEAAAABABgBkDXxAYR+awF7N+4ACXG8AAlDSAACk9MAAgBWTWFjaW50b3NoIEhEOlVzZXJzOgBjdWVudDoARHJvcGJveDoATWFza2FuYV92Ml9MYVRlWDoAcGFwZXJzOgBYU3VtYmE6ADcuIEtERDk3LTA2MS5wZGYADgAiABAANwAuACAASwBEAEQAOQA3AC0AMAA2ADEALgBwAGQAZgAPABoADABNAGEAYwBpAG4AdABvAHMAaAAgAEgARAASAENVc2Vycy9jdWVudC9Ecm9wYm94L01hc2thbmFfdjJfTGFUZVgvcGFwZXJzL1hTdW1iYS83LiBLREQ5Ny0wNjEucGRmAAATAAEvAAAVAAIADP//AACABtIbHB0eWiRjbGFzc25hbWVYJGNsYXNzZXNdTlNNdXRhYmxlRGF0YaMdHyBWTlNEYXRhWE5TT2JqZWN00hscIiNcTlNEaWN0aW9uYXJ5oiIgXxAPTlNLZXllZEFyY2hpdmVy0SYnVHJvb3SAAQAIABEAGgAjAC0AMgA3AEAARgBNAFUAYABnAGoAbABuAHEAcwB1AHcAhACOALIAtwC/Ao0CjwKUAp8CqAK2AroCwQLKAs8C3ALfAvEC9AL5AAAAAAAAAgEAAAAAAAAAKAAAAAAAAAAAAAAAAAAAAvs=}}

@article{Greg,
	Author = {Greg Hamerly and Charles Elkan},
	Date-Added = {2016-03-05 05:50:23 +0000},
	Date-Modified = {2016-03-05 05:52:41 +0000},
	Title = {Learning the k in k-means},
	Year = {2004},
	Bdsk-File-1 = {YnBsaXN0MDDUAQIDBAUGJCVYJHZlcnNpb25YJG9iamVjdHNZJGFyY2hpdmVyVCR0b3ASAAGGoKgHCBMUFRYaIVUkbnVsbNMJCgsMDxJXTlMua2V5c1pOUy5vYmplY3RzViRjbGFzc6INDoACgAOiEBGABIAFgAdccmVsYXRpdmVQYXRoWWFsaWFzRGF0YV8QNS4uL3BhcGVycy9YU3VtYmEvMyAyNTI2LWxlYXJuaW5nLXRoZS1rLWluLWstbWVhbnMucGRm0hcLGBlXTlMuZGF0YU8RAhYAAAAAAhYAAgAADE1hY2ludG9zaCBIRAAAAAAAAAAAAAAAAAAAANCJVfpIKwAAAZA18R8zIDI1MjYtbGVhcm5pbmctdGhlLSNBODNCNkEucGRmAAAAAAAAAAAAAAAAAAAAAAAAAAAAAAAAAAAAAAAAAAAAqDtq0jBo/AAAAAAAAAAAAAEAAwAACSAAAAAAAAAAAAAAAAAAAAAGWFN1bWJhABAACAAA0ImcSgAAABEACAAA0jCvTAAAAAEAGAGQNfEBhH5rAXs37gAJcbwACUNIAAKT0wACAGVNYWNpbnRvc2ggSEQ6VXNlcnM6AGN1ZW50OgBEcm9wYm94OgBNYXNrYW5hX3YyX0xhVGVYOgBwYXBlcnM6AFhTdW1iYToAMyAyNTI2LWxlYXJuaW5nLXRoZS0jQTgzQjZBLnBkZgAADgBKACQAMwAgADIANQAyADYALQBsAGUAYQByAG4AaQBuAGcALQB0AGgAZQAtAGsALQBpAG4ALQBrAC0AbQBlAGEAbgBzAC4AcABkAGYADwAaAAwATQBhAGMAaQBuAHQAbwBzAGgAIABIAEQAEgBXVXNlcnMvY3VlbnQvRHJvcGJveC9NYXNrYW5hX3YyX0xhVGVYL3BhcGVycy9YU3VtYmEvMyAyNTI2LWxlYXJuaW5nLXRoZS1rLWluLWstbWVhbnMucGRmAAATAAEvAAAVAAIADP//AACABtIbHB0eWiRjbGFzc25hbWVYJGNsYXNzZXNdTlNNdXRhYmxlRGF0YaMdHyBWTlNEYXRhWE5TT2JqZWN00hscIiNcTlNEaWN0aW9uYXJ5oiIgXxAPTlNLZXllZEFyY2hpdmVy0SYnVHJvb3SAAQAIABEAGgAjAC0AMgA3AEAARgBNAFUAYABnAGoAbABuAHEAcwB1AHcAhACOAMYAywDTAu0C7wL0Av8DCAMWAxoDIQMqAy8DPAM/A1EDVANZAAAAAAAAAgEAAAAAAAAAKAAAAAAAAAAAAAAAAAAAA1s=}}

@inproceedings{Bradley,
	Address = {San Francisco, CA, USA},
	Author = {Bradley, Paul S. and Fayyad, Usama M.},
	Booktitle = {Proceedings of the Fifteenth International Conference on Machine Learning},
	Date-Added = {2016-03-05 05:47:13 +0000},
	Date-Modified = {2016-03-05 05:49:15 +0000},
	Pages = {91--99},
	Publisher = {Morgan Kaufmann Publishers Inc.},
	Title = {Refining Initial Points for K-Means Clustering},
	Year = {1998},
	Bdsk-File-1 = {YnBsaXN0MDDUAQIDBAUGJCVYJHZlcnNpb25YJG9iamVjdHNZJGFyY2hpdmVyVCR0b3ASAAGGoKgHCBMUFRYaIVUkbnVsbNMJCgsMDxJXTlMua2V5c1pOUy5vYmplY3RzViRjbGFzc6INDoACgAOiEBGABIAFgAdccmVsYXRpdmVQYXRoWWFsaWFzRGF0YV8QJi4uL3BhcGVycy9YU3VtYmEvMi4gMTAuMS4xLjUwLjg1MjgucGRm0hcLGBlXTlMuZGF0YU8RAd4AAAAAAd4AAgAADE1hY2ludG9zaCBIRAAAAAAAAAAAAAAAAAAAANCJVfpIKwAAAZA18RUyLiAxMC4xLjEuNTAuODUyOC5wZGYAAAAAAAAAAAAAAAAAAAAAAAAAAAAAAAAAAAAAAAAAAAAAAAAAAAAAAAABhS9R0vvOlgAAAAAAAAAAAAEAAwAACSAAAAAAAAAAAAAAAAAAAAAGWFN1bWJhABAACAAA0ImcSgAAABEACAAA0vwU5gAAAAEAGAGQNfEBhH5rAXs37gAJcbwACUNIAAKT0wACAFtNYWNpbnRvc2ggSEQ6VXNlcnM6AGN1ZW50OgBEcm9wYm94OgBNYXNrYW5hX3YyX0xhVGVYOgBwYXBlcnM6AFhTdW1iYToAMi4gMTAuMS4xLjUwLjg1MjgucGRmAAAOACwAFQAyAC4AIAAxADAALgAxAC4AMQAuADUAMAAuADgANQAyADgALgBwAGQAZgAPABoADABNAGEAYwBpAG4AdABvAHMAaAAgAEgARAASAEhVc2Vycy9jdWVudC9Ecm9wYm94L01hc2thbmFfdjJfTGFUZVgvcGFwZXJzL1hTdW1iYS8yLiAxMC4xLjEuNTAuODUyOC5wZGYAEwABLwAAFQACAAz//wAAgAbSGxwdHlokY2xhc3NuYW1lWCRjbGFzc2VzXU5TTXV0YWJsZURhdGGjHR8gVk5TRGF0YVhOU09iamVjdNIbHCIjXE5TRGljdGlvbmFyeaIiIF8QD05TS2V5ZWRBcmNoaXZlctEmJ1Ryb290gAEACAARABoAIwAtADIANwBAAEYATQBVAGAAZwBqAGwAbgBxAHMAdQB3AIQAjgC3ALwAxAKmAqgCrQK4AsECzwLTAtoC4wLoAvUC+AMKAw0DEgAAAAAAAAIBAAAAAAAAACgAAAAAAAAAAAAAAAAAAAMU}}

@article{Charu,
	Author = {Aggarwal, Charu C. and Yu, Philip S.},
	Date-Added = {2016-03-05 05:38:46 +0000},
	Date-Modified = {2016-03-05 18:48:00 +0000},
	Journal = {SIGMOD Rec.},
	Month = {may},
	Number = {2},
	Pages = {70--81},
	Title = {Finding Generalized Projected Clusters in High Dimensional Spaces},
	Volume = {29},
	Year = {2000},
	Bdsk-File-1 = {YnBsaXN0MDDUAQIDBAUGJCVYJHZlcnNpb25YJG9iamVjdHNZJGFyY2hpdmVyVCR0b3ASAAGGoKgHCBMUFRYaIVUkbnVsbNMJCgsMDxJXTlMua2V5c1pOUy5vYmplY3RzViRjbGFzc6INDoACgAOiEBGABIAFgAdccmVsYXRpdmVQYXRoWWFsaWFzRGF0YV8QGy4uL3BhcGVycy9YU3VtYmEvMS4gZ2VuLnBkZtIXCxgZV05TLmRhdGFPEQGyAAAAAAGyAAIAAAxNYWNpbnRvc2ggSEQAAAAAAAAAAAAAAAAAAADQiVX6SCsAAAGQNfEKMS4gZ2VuLnBkZgAAAAAAAAAAAAAAAAAAAAAAAAAAAAAAAAAAAAAAAAAAAAAAAAAAAAAAAAAAAAAAAAAAAAAAAYDgu9L7gy0AAAAAAAAAAAABAAMAAAkgAAAAAAAAAAAAAAAAAAAABlhTdW1iYQAQAAgAANCJnEoAAAARAAgAANL7yX0AAAABABgBkDXxAYR+awF7N+4ACXG8AAlDSAACk9MAAgBQTWFjaW50b3NoIEhEOlVzZXJzOgBjdWVudDoARHJvcGJveDoATWFza2FuYV92Ml9MYVRlWDoAcGFwZXJzOgBYU3VtYmE6ADEuIGdlbi5wZGYADgAWAAoAMQAuACAAZwBlAG4ALgBwAGQAZgAPABoADABNAGEAYwBpAG4AdABvAHMAaAAgAEgARAASAD1Vc2Vycy9jdWVudC9Ecm9wYm94L01hc2thbmFfdjJfTGFUZVgvcGFwZXJzL1hTdW1iYS8xLiBnZW4ucGRmAAATAAEvAAAVAAIADP//AACABtIbHB0eWiRjbGFzc25hbWVYJGNsYXNzZXNdTlNNdXRhYmxlRGF0YaMdHyBWTlNEYXRhWE5TT2JqZWN00hscIiNcTlNEaWN0aW9uYXJ5oiIgXxAPTlNLZXllZEFyY2hpdmVy0SYnVHJvb3SAAQAIABEAGgAjAC0AMgA3AEAARgBNAFUAYABnAGoAbABuAHEAcwB1AHcAhACOAKwAsQC5Am8CcQJ2AoECigKYApwCowKsArECvgLBAtMC1gLbAAAAAAAAAgEAAAAAAAAAKAAAAAAAAAAAAAAAAAAAAt0=}}

@inproceedings{Anil,
	Author = {Anil K. Jain},
	Booktitle = {Pattern Recognition Letters},
	Date-Added = {2016-03-05 05:27:41 +0000},
	Date-Modified = {2016-03-05 18:50:02 +0000},
	Editor = {Elsevier},
	Title = {Data clustering: 50 years beyond K-means},
	Year = {2009},
	Bdsk-File-1 = {YnBsaXN0MDDUAQIDBAUGJCVYJHZlcnNpb25YJG9iamVjdHNZJGFyY2hpdmVyVCR0b3ASAAGGoKgHCBMUFRYaIVUkbnVsbNMJCgsMDxJXTlMua2V5c1pOUy5vYmplY3RzViRjbGFzc6INDoACgAOiEBGABIAFgAdccmVsYXRpdmVQYXRoWWFsaWFzRGF0YV8QLC4uL3BhcGVycy9YU3VtYmEvNS4gSmFpbkNsdXN0ZXJpbmdfUFJMMTAucGRm0hcLGBlXTlMuZGF0YU8RAfYAAAAAAfYAAgAADE1hY2ludG9zaCBIRAAAAAAAAAAAAAAAAAAAANCJVfpIKwAAAZA18Rs1LiBKYWluQ2x1c3RlcmluZ19QUkwxMC5wZGYAAAAAAAAAAAAAAAAAAAAAAAAAAAAAAAAAAAAAAAAAAAAAAAABhb9q0vvSTAAAAAAAAAAAAAEAAwAACSAAAAAAAAAAAAAAAAAAAAAGWFN1bWJhABAACAAA0ImcSgAAABEACAAA0vwYnAAAAAEAGAGQNfEBhH5rAXs37gAJcbwACUNIAAKT0wACAGFNYWNpbnRvc2ggSEQ6VXNlcnM6AGN1ZW50OgBEcm9wYm94OgBNYXNrYW5hX3YyX0xhVGVYOgBwYXBlcnM6AFhTdW1iYToANS4gSmFpbkNsdXN0ZXJpbmdfUFJMMTAucGRmAAAOADgAGwA1AC4AIABKAGEAaQBuAEMAbAB1AHMAdABlAHIAaQBuAGcAXwBQAFIATAAxADAALgBwAGQAZgAPABoADABNAGEAYwBpAG4AdABvAHMAaAAgAEgARAASAE5Vc2Vycy9jdWVudC9Ecm9wYm94L01hc2thbmFfdjJfTGFUZVgvcGFwZXJzL1hTdW1iYS81LiBKYWluQ2x1c3RlcmluZ19QUkwxMC5wZGYAEwABLwAAFQACAAz//wAAgAbSGxwdHlokY2xhc3NuYW1lWCRjbGFzc2VzXU5TTXV0YWJsZURhdGGjHR8gVk5TRGF0YVhOU09iamVjdNIbHCIjXE5TRGljdGlvbmFyeaIiIF8QD05TS2V5ZWRBcmNoaXZlctEmJ1Ryb290gAEACAARABoAIwAtADIANwBAAEYATQBVAGAAZwBqAGwAbgBxAHMAdQB3AIQAjgC9AMIAygLEAsYCywLWAt8C7QLxAvgDAQMGAxMDFgMoAysDMAAAAAAAAAIBAAAAAAAAACgAAAAAAAAAAAAAAAAAAAMy}}

@inproceedings{Andrews,
	Abstract = {This report aims to give a brief overview of the current state of document clustering research and present recent developments in a well-organized manner. Clustering algorithms are considered with two hypothetical scenarios in mind: online query clustering with tight efficiency constraints, and offline clustering with an emphasis on accuracy. A comparative analysis of the algorithms is performed along with a table summarizing important properties, and open problems as well as directions for future research are discussed.},
	Address = {Virginia Tech},
	Author = {Nicholas O. Andrews and Edward A. Fox},
	Date-Added = {2016-03-05 05:22:55 +0000},
	Date-Modified = {2016-03-05 18:53:51 +0000},
	Organization = {Department of Computer Science},
	Title = {Recent Developments in Document Clustering},
	Year = {2007},
	Bdsk-File-1 = {YnBsaXN0MDDUAQIDBAUGJCVYJHZlcnNpb25YJG9iamVjdHNZJGFyY2hpdmVyVCR0b3ASAAGGoKgHCBMUFRYaIVUkbnVsbNMJCgsMDxJXTlMua2V5c1pOUy5vYmplY3RzViRjbGFzc6INDoACgAOiEBGABIAFgAdccmVsYXRpdmVQYXRoWWFsaWFzRGF0YV8QIC4uL3BhcGVycy9YU3VtYmEvNi4gZG9jY2x1c3QucGRm0hcLGBlXTlMuZGF0YU8RAcYAAAAAAcYAAgAADE1hY2ludG9zaCBIRAAAAAAAAAAAAAAAAAAAANCJVfpIKwAAAZA18Q82LiBkb2NjbHVzdC5wZGYAAAAAAAAAAAAAAAAAAAAAAAAAAAAAAAAAAAAAAAAAAAAAAAAAAAAAAAAAAAAAAAABhdF/0vvSwwAAAAAAAAAAAAEAAwAACSAAAAAAAAAAAAAAAAAAAAAGWFN1bWJhABAACAAA0ImcSgAAABEACAAA0vwZEwAAAAEAGAGQNfEBhH5rAXs37gAJcbwACUNIAAKT0wACAFVNYWNpbnRvc2ggSEQ6VXNlcnM6AGN1ZW50OgBEcm9wYm94OgBNYXNrYW5hX3YyX0xhVGVYOgBwYXBlcnM6AFhTdW1iYToANi4gZG9jY2x1c3QucGRmAAAOACAADwA2AC4AIABkAG8AYwBjAGwAdQBzAHQALgBwAGQAZgAPABoADABNAGEAYwBpAG4AdABvAHMAaAAgAEgARAASAEJVc2Vycy9jdWVudC9Ecm9wYm94L01hc2thbmFfdjJfTGFUZVgvcGFwZXJzL1hTdW1iYS82LiBkb2NjbHVzdC5wZGYAEwABLwAAFQACAAz//wAAgAbSGxwdHlokY2xhc3NuYW1lWCRjbGFzc2VzXU5TTXV0YWJsZURhdGGjHR8gVk5TRGF0YVhOU09iamVjdNIbHCIjXE5TRGljdGlvbmFyeaIiIF8QD05TS2V5ZWRBcmNoaXZlctEmJ1Ryb290gAEACAARABoAIwAtADIANwBAAEYATQBVAGAAZwBqAGwAbgBxAHMAdQB3AIQAjgCxALYAvgKIAooCjwKaAqMCsQK1ArwCxQLKAtcC2gLsAu8C9AAAAAAAAAIBAAAAAAAAACgAAAAAAAAAAAAAAAAAAAL2}}

@article{Edward,
	Author = {Edward T. O'Neill},
	Date-Added = {2016-03-05 05:12:47 +0000},
	Date-Modified = {2016-03-05 20:04:11 +0000},
	Journal = {Library resources \& technical services},
	Month = {9},
	Title = {FRBR: Functional Requirements for Bibliographic Records},
	Year = {2002},
	Bdsk-File-1 = {YnBsaXN0MDDUAQIDBAUGJCVYJHZlcnNpb25YJG9iamVjdHNZJGFyY2hpdmVyVCR0b3ASAAGGoKgHCBMUFRYaIVUkbnVsbNMJCgsMDxJXTlMua2V5c1pOUy5vYmplY3RzViRjbGFzc6INDoACgAOiEBGABIAFgAdccmVsYXRpdmVQYXRoWWFsaWFzRGF0YV8QJS4uL3BhcGVycy9GU3VtYmEvMSA1MjcyLTg2OTEtMS1QQi5wZGbSFwsYGVdOUy5kYXRhTxEB2gAAAAAB2gACAAAMTWFjaW50b3NoIEhEAAAAAAAAAAAAAAAAAAAA0IlV+kgrAAABkDY2FDEgNTI3Mi04NjkxLTEtUEIucGRmAAAAAAAAAAAAAAAAAAAAAAAAAAAAAAAAAAAAAAAAAAAAAAAAAAAAAAAAAAGQLq3S/9ZwAAAAAAAAAAAAAQADAAAJIAAAAAAAAAAAAAAAAAAAAAZGU3VtYmEAEAAIAADQiZxKAAAAEQAIAADTABzAAAAAAQAYAZA2NgGEfmsBezfuAAlxvAAJQ0gAApPTAAIAWk1hY2ludG9zaCBIRDpVc2VyczoAY3VlbnQ6AERyb3Bib3g6AE1hc2thbmFfdjJfTGFUZVg6AHBhcGVyczoARlN1bWJhOgAxIDUyNzItODY5MS0xLVBCLnBkZgAOACoAFAAxACAANQAyADcAMgAtADgANgA5ADEALQAxAC0AUABCAC4AcABkAGYADwAaAAwATQBhAGMAaQBuAHQAbwBzAGgAIABIAEQAEgBHVXNlcnMvY3VlbnQvRHJvcGJveC9NYXNrYW5hX3YyX0xhVGVYL3BhcGVycy9GU3VtYmEvMSA1MjcyLTg2OTEtMS1QQi5wZGYAABMAAS8AABUAAgAM//8AAIAG0hscHR5aJGNsYXNzbmFtZVgkY2xhc3Nlc11OU011dGFibGVEYXRhox0fIFZOU0RhdGFYTlNPYmplY3TSGxwiI1xOU0RpY3Rpb25hcnmiIiBfEA9OU0tleWVkQXJjaGl2ZXLRJidUcm9vdIABAAgAEQAaACMALQAyADcAQABGAE0AVQBgAGcAagBsAG4AcQBzAHUAdwCEAI4AtgC7AMMCoQKjAqgCswK8AsoCzgLVAt4C4wLwAvMDBQMIAw0AAAAAAAACAQAAAAAAAAAoAAAAAAAAAAAAAAAAAAADDw==}}

@webpage{Frederick,
	Abstract = {The Bibliographic Ontology Specification provides main concepts and properties for describing citations and bibliographic references (i.e. quotes, books, articles, etc) on the Semantic Web.},
	Author = {Fr\'ed\'erick Giasson and Bruce D'Arcus},
	Date-Added = {2016-03-05 05:02:50 +0000},
	Date-Modified = {2016-03-05 19:07:29 +0000},
	Keywords = {ontology},
	Lastchecked = {2016/01/30},
	Month = {11},
	Title = {Bibliographic Ontology Specification},
	Url = {http://bibliontology.com/specification},
	Urldate = {2009/11/04},
	Year = {2009},
	Bdsk-Url-1 = {http://bibliontology.com/specification}}





@article{sunacomparative,
  title={A Comparative Evaluation of String Similarity Metrics for Ontology Alignment?},
  author={Suna, Yufei and Maa, Liangli and Wangb, Shuang}
}

@article{eps271285,
          volume = {5},
          number = {3},
           title = {Linked Data - the story so far},
          author = {Christian Bizer and Tom Heath and Tim Berners-Lee},
            year = {2009},
           pages = {1--22},
         journal = {International Journal on Semantic Web and Information Systems},
             url = {http://eprints.soton.ac.uk/271285/},
        abstract = {The term ?Linked Data? refers to a set of best practices for publishing and connecting structured data on the Web. These best practices have been adopted by an increasing number of data providers over the last three years, leading to the creation of a global data space containing billions of assertions{--} the Web of Data. In this article, the authors present the concept and technical principles of Linked Data, and situate these within the broader context of related technological developments. They describe progress to date in publishing Linked Data on the Web, review applications that have been developed to exploit the Web of Data, and map out a research agenda for the Linked Data community as it moves forward.}
}

@inproceedings{Charikar2002SimilarityET,
  title={Similarity estimation techniques from rounding algorithms},
  author={Moses Charikar},
  booktitle={STOC},
  year={2002}
}

@paper{AAAIW1510092,
	author = {Christopher Clark and Santosh Divvala},
	title = {Looking Beyond Text: Extracting Figures, Tables and Captions from Computer Science Papers},
	conference = {AAAI Workshops},
	year = {2015},
	keywords = {},
	abstract = {Identifying and extracting figures and tables along with their captions from scholarly articles is important both as a way of providing tools for article summarization, and as part of larger systems that seek to gain deeper, semantic understanding of these articles. While many "off-the-shelf" tools exist that can extract embedded images from these documents, e.g. PDFBox, Poppler, etc., these tools are unable to extract tables, captions, and figures composed of vector graphics. Our proposed approach analyzes the structure of individual pages of a document by detecting chunks of body text, and locates the areas wherein figures or tables could reside by reasoning about the empty regions within that text. This method can extract a wide variety of figures because it does not make strong assumptions about the format of the figures embedded in the document, as long as they can be differentiated from the main article's text. Our algorithm also demonstrates a caption-to-figure matching component that is effective even in cases where individual captions are adjacent to multiple figures. Our contribution also includes methods for leveraging particular consistency and formatting assumptions to identify titles, body text and captions within each article. We introduce a new dataset of 150 computer science papers along with ground truth labels for the locations of the figures, tables and captions within them. Our algorithm achieves 96\% precision at 92\% recall when tested against this dataset, surpassing previous state of the art. We release our dataset, code, and evaluation scripts on our project website for enabling future research.},

	url = {http://www.aaai.org/ocs/index.php/WS/AAAIW15/paper/view/10092}
}


@misc{ley2009dblp,
  title={Dblp xml requests},
  author={Ley, Michael},
  year={2009},
  publisher={Ph. D. thesis, Universit{\"a}t Trier, Universit{\"a}t Trier, Institut Informatik, D-45286 Trier}
}


@article{brickley2012foaf,
  title={FOAF vocabulary specification 0.98},
  author={Brickley, Dan and Miller, Libby},
  journal={Namespace document},
  volume={9},
  year={2012}
}


@incollection{varadharajalu2011author,
  title={Author name disambiguation for ranking and clustering PubMed data using NetClus},
  author={Varadharajalu, Arvin and Liu, Wei and Wong, Wilson},
  booktitle={AI 2011: Advances in Artificial Intelligence},
  pages={152--161},
  year={2011},
  publisher={Springer}
}


@article{barbaric2014isbd,
  title={ISBD: International Standard Bibliographic Description},
  author={Barbari{\'c}, Ana},
  year={2014}
}

@inproceedings{Krisnadhi2015TheGF,
  title={The GeoLink Framework for Pattern-based Linked Data Integration},
  author={Adila Alfa Krisnadhi and Yingjie Hu and Krzysztof Janowicz and Pascal Hitzler and Robert A. Arko and Suzanne Carbotte and Cynthia Chandler and Michelle Cheatham and Douglas Fils and Tim Finin and Peng Ji and Matthew B. Jones and Nazifa Karima and Kerstin Lehnert and Audrey Mickle and Tom Narock and Margaret OBrien and Lisa Raymond and Adam Shepherd and Mark Schildhauer and Peter Wiebe},
  booktitle={SEMWEB},
  year={2015}
}

@Inbook{Gangemi2005,
author="Gangemi, Aldo",
editor="Gil, Yolanda
and Motta, Enrico
and Benjamins, V. Richard
and Musen, Mark A.",
chapter="Ontology Design Patterns for Semantic Web Content",
title="The Semantic Web -- ISWC 2005: 4th International Semantic Web Conference, ISWC 2005, Galway, Ireland, November 6-10, 2005. Proceedings",
year="2005",
publisher="Springer Berlin Heidelberg",
address="Berlin, Heidelberg",
pages="262--276",
isbn="978-3-540-32082-1",
doi="10.1007/11574620_21",
url="http://dx.doi.org/10.1007/11574620_21"
}