%% This BibTeX bibliography file was created using BibDesk.
%% http://bibdesk.sourceforge.net/

%% Created for Xavier Sumba at 2016-03-05 00:54:59 -0500 


%% Saved with string encoding Unicode (UTF-8) 



@incollection{FellbaumB98,
	Address = {Cambridge, Massachusetts},
	Author = {Fellbaum, Christiane},
	Booktitle = {WordNet: an electronic lexical database},
	Editor = {Fellbaum, Christiane},
	Pages = {69-104},
	Publisher = {The MIT Press},
	Title = {Semantic Network of English Verbs},
	Year = {1998}}

@article{wordnet:01,
	Author = {Christiane Fellbaum},
	Journal = {The MIT Press.},
	Number = {69-104},
	Rating = {4},
	Read = {0},
	Title = {WordNet: An Electronic Lexical Database.},
	Year = {1998}}

@misc{bibo,
	Howpublished = {\url{http://bibliontology.com/specification}},
	Note = {Accessed: 2016-01-30},
	Title = {Bibliographic Ontology Specification}}

@incollection{smith:99,
	Author = {A. Smith and B. Jones},
	Booktitle = {Advances in Computer Science},
	Editor = {A. B. Smith-Jones},
	Pages = {555--566},
	Publisher = {Publishing Press},
	Title = {On the Complexity of Computing},
	Year = {1999}}

@book{knuth:84,
	Author = {Donald E. Knuth},
	Edition = {15th},
	Publisher = {Addison-Wesley},
	Title = {The {\TeX} Book},
	Year = {1984}}

@incollection{boulic:91,
	Author = {R. Boulic and O. Renault},
	Booktitle = {New Trends in Animation and Visualization},
	Editor = {Nadia Magnenat-Thalmann and Daniel Thalmann},
	Publisher = {John Wiley {\&} Sons ltd.},
	Title = {3D Hierarchies for Animation},
	Year = {1991}}

@misc{MaskanaDIUC,
	Author = {Direcci{\'o}n de Investigaci{\'o}n de la Universidad de Cuenca, DIUC},
	Publisher = {Universidad de Cuenca},
	Title = {Directrices para la elaboraci{\'o}n de art{\'\i}culos cient{\'\i}ficos Revista MASKANA de la Direcci{\'o}n de Investigaci{\'o}n de la Universidad de Cuenca {DIUC}},
	Url = {http://diuc.ucuenca.edu.ec/revista-maskana?download=17:guia-autores-maskana},
	Year = {2014},
	Bdsk-Url-1 = {http://diuc.ucuenca.edu.ec/revista-maskana?download=17:guia-autores-maskana}}

@inproceedings{o2011frbr,
	Author = {O?Neill, Edward T},
	Date-Modified = {2016-03-05 05:23:33 +0000},
	Journal = {Library resources \& technical services},
	Number = {4},
	Pages = {150--159},
	Title = {Frbr: Functional requirements for bibliographic records},
	Volume = {46},
	Year = {2011}}

@misc{marmotta,
	Howpublished = {\url{http://globenewswire.com/news-release/2013/12/10/595835/10060945/en/The-ASF-asks-Have-you-met-Apache-tm-Marmotta-tm.html}},
	Note = {Accessed: 2016-01-31},
	Title = {The ASF asks: Have you met Apache(tm) Marmotta(tm)?}}

@misc{marmottaSite,
	Author = {The Apache Software Foundation},
	Howpublished = {\url{http://marmotta.apache.org}},
	Note = {Accessed: 2016-02-23},
	Title = {Apache Marmotta Site}}

@incollection{ortiz,
	Author = {Ortiz Vivar, J. E., & Segarra Flores, J. L.},
	Title = {Plataforma para la anotaci\'on sem\'antica de servicio web RESTful sobre un bus de servicios},
	Year = {2015}}

@incollection{varadharajalu2011author,
	Author = {Varadharajalu, Arvin and Liu, Wei and Wong, Wilson},
	Booktitle = {AI 2011: Advances in Artificial Intelligence},
	Pages = {152--161},
	Publisher = {Springer},
	Title = {Author name disambiguation for ranking and clustering PubMed data using NetClus},
	Year = {2011}}
