@incollection{FellbaumB98,
	author = {Fellbaum, Christiane},
	title = {Semantic Network of English Verbs},
	booktitle = {WordNet: an electronic lexical database},
	pages = {69-104},
	publisher = {The MIT Press},
	year = {1998},
	editor = {Fellbaum, Christiane},
	address = {Cambridge, Massachusetts}}

@article{wordnet:01,
	Author = {Christiane Fellbaum},
	Journal = {The MIT Press.},
	Number = {69-104},
	Rating = {4},
	Read = {0},
	Title = {WordNet: An Electronic Lexical Database.},
	Year = {1998}}

@misc{bibo,
	howpublished =  {\url{http://bibliontology.com/specification}},
	Title = {Bibliographic Ontology Specification},
	Author = {Bruce D'Arcus, Frédérick Giasson},
	Note = {Accessed: 2016-01-30}}
	
	@incollection{smith:99,
	Author = {A. Smith and B. Jones},
	Booktitle = {Advances in Computer Science},
	Editor = {A. B. Smith-Jones},
	Pages = {555--566},
	Publisher = {Publishing Press},
	Title = {On the Complexity of Computing},
	Year = {1999}}
	@book{knuth:84,
	Author = {Donald E. Knuth},
	Edition = {15th},
	Publisher = {Addison-Wesley},
	Title = {The {\TeX} Book},
	Year = {1984}}



@incollection{boulic:91,
	Author = {R. Boulic and O. Renault},
	Booktitle = {New Trends in Animation and Visualization},
	Editor = {Nadia Magnenat-Thalmann and Daniel Thalmann},
	Publisher = {John Wiley {\&} Sons ltd.},
	Title = {3D Hierarchies for Animation},
	Year = {1991}}


@misc{MaskanaDIUC,
	Author = {Direcci{\'o}n de Investigaci{\'o}n de la Universidad de Cuenca, DIUC},
	Publisher = {Universidad de Cuenca},
	Title = {Directrices para la elaboraci{\'o}n de art{\'\i}culos cient{\'\i}ficos Revista MASKANA de la Direcci{\'o}n de Investigaci{\'o}n de la Universidad de Cuenca {DIUC}},
	Url = {http://diuc.ucuenca.edu.ec/revista-maskana?download=17:guia-autores-maskana},
	Year = {2014},
	Bdsk-Url-1 = {http://diuc.ucuenca.edu.ec/revista-maskana?download=17:guia-autores-maskana}
}
	

@article{o2011frbr,
  title={Frbr: Functional requirements for bibliographic records},
  author={O’Neill, Edward T},
  journal={Library resources \& technical services},
  volume={46},
  number={4},
  pages={150--159},
  year={2011}
}
@misc{marmotta,
	howpublished =  {\url{http://globenewswire.com/news-release/2013/12/10/595835/10060945/en/The-ASF-asks-Have-you-met-Apache-tm-Marmotta-tm.html}},
	Title = {The ASF asks: Have you met Apache(tm) Marmotta(tm)?},
	Note = {Accessed: 2016-01-31}
}
@misc{marmottaSite,
	howpublished =  {\url{http://marmotta.apache.org}},
	Title = {Apache Marmotta Site},
	Note = {Accessed: 2016-02-23},
	Author = {The Apache Software Foundation}
}

@incollection{ortiz,
	Author = {Ortiz Vivar, J. E., & Segarra Flores, J. L.},
	Title = {Plataforma para la anotaci\'on sem\'antica de servicio web RESTful sobre un bus de servicios},
	Year = {2015}}

}

@incollection{varadharajalu2011author,
  title={Author name disambiguation for ranking and clustering PubMed data using NetClus},
  author={Varadharajalu, Arvin and Liu, Wei and Wong, Wilson},
  booktitle={AI 2011: Advances in Artificial Intelligence},
  pages={152--161},
  year={2011},
  publisher={Springer}
}