%% This BibTeX bibliography file was created using BibDesk.
%% http://bibdesk.sourceforge.net/

%% Created for Xavier Sumba at 2016-03-05 23:10:22 -0500 


%% Saved with string encoding Unicode (UTF-8) 



@article{Miller,
	Acmid = {219748},
	Address = {New York, NY, USA},
	Author = {Miller, George A.},
	Date-Added = {2016-03-06 04:10:15 +0000},
	Date-Modified = {2016-03-06 04:10:22 +0000},
	Doi = {10.1145/219717.219748},
	Issn = {0001-0782},
	Issue_Date = {Nov. 1995},
	Journal = {Commun. ACM},
	Month = nov,
	Number = {11},
	Numpages = {3},
	Pages = {39--41},
	Publisher = {ACM},
	Title = {WordNet: A Lexical Database for English},
	Url = {http://doi.acm.org/10.1145/219717.219748},
	Volume = {38},
	Year = {1995},
	Bdsk-Url-1 = {http://doi.acm.org/10.1145/219717.219748},
	Bdsk-Url-2 = {http://dx.doi.org/10.1145/219717.219748}}

@book{Manning,
	Address = {Cambridge, MA, USA},
	Author = {Manning, Christopher D. and Sch\"{u}tze, Hinrich},
	Date-Added = {2016-03-06 03:58:49 +0000},
	Date-Modified = {2016-03-06 04:02:40 +0000},
	Month = {jan},
	Publisher = {MIT Press},
	Title = {Foundations of Statistical Natural Language Processing},
	Year = {1999},
	Bdsk-File-1 = {YnBsaXN0MDDUAQIDBAUGJCVYJHZlcnNpb25YJG9iamVjdHNZJGFyY2hpdmVyVCR0b3ASAAGGoKgHCBMUFRYaIVUkbnVsbNMJCgsMDxJXTlMua2V5c1pOUy5vYmplY3RzViRjbGFzc6INDoACgAOiEBGABIAFgAdccmVsYXRpdmVQYXRoWWFsaWFzRGF0YV8QMi4uLy4uL21hc2thbmFfdjJfbGF0ZXgvcGFwZXJzL1hTdW1iYS8xNyBjb2xsb2MucGRm0hcLGBlXTlMuZGF0YU8RAb4AAAAAAb4AAgAADE1hY2ludG9zaCBIRAAAAAAAAAAAAAAAAAAAANCJVfpIKwAAAZA18Q0xNyBjb2xsb2MucGRmAAAAAAAAAAAAAAAAAAAAAAAAAAAAAAAAAAAAAAAAAAAAAAAAAAAAAAAAAAAAAAAAAAABkUC30wEU6AAAAAAAAAAAAAEAAwAACSAAAAAAAAAAAAAAAAAAAAAGWFN1bWJhABAACAAA0ImcSgAAABEACAAA0wFbOAAAAAEAGAGQNfEBhH5rAXs37gAJcbwACUNIAAKT0wACAFNNYWNpbnRvc2ggSEQ6VXNlcnM6AGN1ZW50OgBEcm9wYm94OgBNYXNrYW5hX3YyX0xhVGVYOgBwYXBlcnM6AFhTdW1iYToAMTcgY29sbG9jLnBkZgAADgAcAA0AMQA3ACAAYwBvAGwAbABvAGMALgBwAGQAZgAPABoADABNAGEAYwBpAG4AdABvAHMAaAAgAEgARAASAEBVc2Vycy9jdWVudC9Ecm9wYm94L21hc2thbmFfdjJfbGF0ZXgvcGFwZXJzL1hTdW1iYS8xNyBjb2xsb2MucGRmABMAAS8AABUAAgAM//8AAIAG0hscHR5aJGNsYXNzbmFtZVgkY2xhc3Nlc11OU011dGFibGVEYXRhox0fIFZOU0RhdGFYTlNPYmplY3TSGxwiI1xOU0RpY3Rpb25hcnmiIiBfEA9OU0tleWVkQXJjaGl2ZXLRJidUcm9vdIABAAgAEQAaACMALQAyADcAQABGAE0AVQBgAGcAagBsAG4AcQBzAHUAdwCEAI4AwwDIANACkgKUApkCpAKtArsCvwLGAs8C1ALhAuQC9gL5Av4AAAAAAAACAQAAAAAAAAAoAAAAAAAAAAAAAAAAAAADAA==}}

@webpage{semanticscholar,
	Author = {Paul Allen},
	Date-Added = {2016-03-06 03:13:21 +0000},
	Date-Modified = {2016-03-06 03:20:29 +0000},
	Lastchecked = {05/03/2016},
	Month = {nov},
	Title = {Semantic Scholar},
	Url = {https://www.semanticscholar.org},
	Year = {2015},
	Bdsk-Url-1 = {https://www.semanticscholar.org}}

@inproceedings{Krisnadhi02,
	Author = {Krisnadhi, Adila Alfa and Hu, Yingjie and Janowicz, Krzysztof and Hitzler, Pascal and Arko, Robert A. and Carbotte, Suzanne and Chandler, Cynthia and Cheatham, Michelle and Fils, Douglas and Finin, Tim and Ji, Peng and Jones, Matthew B. and Karima, Nazifa and Lehnert, Kerstin and Mickle, Audrey and Narock, Tom and O'Brien, Margaret and Raymond, Lisa and Shepherd, Adam and Schildhauer, Mark and Wiebe, Peter},
	Booktitle = {International Semantic Web Conference (Posters \& Demos)},
	Date-Added = {2016-03-06 01:27:12 +0000},
	Date-Modified = {2016-03-06 01:31:17 +0000},
	Editor = {Villata, Serena and Pan, Jeff Z. and Dragoni, Mauro},
	Keywords = {dblp},
	Publisher = {CEUR-WS.org},
	Series = {CEUR Workshop Proceedings},
	Title = {The GeoLink Framework for Pattern-based Linked Data Integration.},
	Volume = {1486},
	Year = {2015},
	Bdsk-File-1 = {YnBsaXN0MDDUAQIDBAUGJCVYJHZlcnNpb25YJG9iamVjdHNZJGFyY2hpdmVyVCR0b3ASAAGGoKgHCBMUFRYaIVUkbnVsbNMJCgsMDxJXTlMua2V5c1pOUy5vYmplY3RzViRjbGFzc6INDoACgAOiEBGABIAFgAdccmVsYXRpdmVQYXRoWWFsaWFzRGF0YV8QNC4uLy4uL21hc2thbmFfdjJfbGF0ZXgvcGFwZXJzL0ZTdW1iYS8xNSBwYXBlcl85OS5wZGbSFwsYGVdOUy5kYXRhTxEBxgAAAAABxgACAAAMTWFjaW50b3NoIEhEAAAAAAAAAAAAAAAAAAAA0IlV+kgrAAABkDY2DzE1IHBhcGVyXzk5LnBkZgAAAAAAAAAAAAAAAAAAAAAAAAAAAAAAAAAAAAAAAAAAAAAAAAAAAAAAAAAAAAAAAAGQii7TAMnnAAAAAAAAAAAAAQADAAAJIAAAAAAAAAAAAAAAAAAAAAZGU3VtYmEAEAAIAADQiZxKAAAAEQAIAADTARA3AAAAAQAYAZA2NgGEfmsBezfuAAlxvAAJQ0gAApPTAAIAVU1hY2ludG9zaCBIRDpVc2VyczoAY3VlbnQ6AERyb3Bib3g6AE1hc2thbmFfdjJfTGFUZVg6AHBhcGVyczoARlN1bWJhOgAxNSBwYXBlcl85OS5wZGYAAA4AIAAPADEANQAgAHAAYQBwAGUAcgBfADkAOQAuAHAAZABmAA8AGgAMAE0AYQBjAGkAbgB0AG8AcwBoACAASABEABIAQlVzZXJzL2N1ZW50L0Ryb3Bib3gvbWFza2FuYV92Ml9sYXRleC9wYXBlcnMvRlN1bWJhLzE1IHBhcGVyXzk5LnBkZgATAAEvAAAVAAIADP//AACABtIbHB0eWiRjbGFzc25hbWVYJGNsYXNzZXNdTlNNdXRhYmxlRGF0YaMdHyBWTlNEYXRhWE5TT2JqZWN00hscIiNcTlNEaWN0aW9uYXJ5oiIgXxAPTlNLZXllZEFyY2hpdmVy0SYnVHJvb3SAAQAIABEAGgAjAC0AMgA3AEAARgBNAFUAYABnAGoAbABuAHEAcwB1AHcAhACOAMUAygDSApwCngKjAq4CtwLFAskC0ALZAt4C6wLuAwADAwMIAAAAAAAAAgEAAAAAAAAAKAAAAAAAAAAAAAAAAAAAAwo=}}

@inbook{Krisnadhi01,
	Address = {Cham},
	Author = {Krisnadhi, Adila and Hu, Yingjie and Janowicz, Krzysztof and Hitzler, Pascal and Arko, Robert and Carbotte, Suzanne and Chandler, Cynthia and Cheatham, Michelle and Fils, Douglas and Finin, Timothy and Ji, Peng and Jones, Matthew and Karima, Nazifa and Lehnert, Kerstin and Mickle, Audrey and Narock, Thomas and O'Brien, Margaret and Raymond, Lisa and Shepherd, Adam and Schildhauer, Mark and Wiebe, Peter},
	Chapter = {The GeoLink Modular Oceanography Ontology},
	Date-Added = {2016-03-06 01:23:48 +0000},
	Date-Modified = {2016-03-06 01:29:53 +0000},
	Doi = {10.1007/978-3-319-25010-6_19},
	Editor = {Arenas, Marcelo and Corcho, Oscar and Simperl, Elena and Strohmaier, Markus and d'Aquin, Mathieu and Srinivas, Kavitha and Groth, Paul and Dumontier, Michel and Heflin, Jeff and Thirunarayan, Krishnaprasad and Staab, Steffen},
	Isbn = {978-3-319-25010-6},
	Pages = {301--309},
	Publisher = {Springer International Publishing},
	Title = {The Semantic Web - ISWC 2015: 14th International Semantic Web Conference, Bethlehem, PA, USA, October 11-15, 2015, Proceedings, Part II},
	Url = {http://dx.doi.org/10.1007/978-3-319-25010-6_19},
	Year = {2015},
	Bdsk-File-1 = {YnBsaXN0MDDUAQIDBAUGJCVYJHZlcnNpb25YJG9iamVjdHNZJGFyY2hpdmVyVCR0b3ASAAGGoKgHCBMUFRYaIVUkbnVsbNMJCgsMDxJXTlMua2V5c1pOUy5vYmplY3RzViRjbGFzc6INDoACgAOiEBGABIAFgAdccmVsYXRpdmVQYXRoWWFsaWFzRGF0YV8QQS4uLy4uL21hc2thbmFfdjJfbGF0ZXgvcGFwZXJzL0ZTdW1iYS8xNCAyMDE1LWdlb2xpbmstb250b2xvZ3kucGRm0hcLGBlXTlMuZGF0YU8RAfoAAAAAAfoAAgAADE1hY2ludG9zaCBIRAAAAAAAAAAAAAAAAAAAANCJVfpIKwAAAZA2NhwxNCAyMDE1LWdlb2xpbmstb250b2xvZ3kucGRmAAAAAAAAAAAAAAAAAAAAAAAAAAAAAAAAAAAAAAAAAAAAAAABkIo20wDJxQAAAAAAAAAAAAEAAwAACSAAAAAAAAAAAAAAAAAAAAAGRlN1bWJhABAACAAA0ImcSgAAABEACAAA0wEQFQAAAAEAGAGQNjYBhH5rAXs37gAJcbwACUNIAAKT0wACAGJNYWNpbnRvc2ggSEQ6VXNlcnM6AGN1ZW50OgBEcm9wYm94OgBNYXNrYW5hX3YyX0xhVGVYOgBwYXBlcnM6AEZTdW1iYToAMTQgMjAxNS1nZW9saW5rLW9udG9sb2d5LnBkZgAOADoAHAAxADQAIAAyADAAMQA1AC0AZwBlAG8AbABpAG4AawAtAG8AbgB0AG8AbABvAGcAeQAuAHAAZABmAA8AGgAMAE0AYQBjAGkAbgB0AG8AcwBoACAASABEABIAT1VzZXJzL2N1ZW50L0Ryb3Bib3gvbWFza2FuYV92Ml9sYXRleC9wYXBlcnMvRlN1bWJhLzE0IDIwMTUtZ2VvbGluay1vbnRvbG9neS5wZGYAABMAAS8AABUAAgAM//8AAIAG0hscHR5aJGNsYXNzbmFtZVgkY2xhc3Nlc11OU011dGFibGVEYXRhox0fIFZOU0RhdGFYTlNPYmplY3TSGxwiI1xOU0RpY3Rpb25hcnmiIiBfEA9OU0tleWVkQXJjaGl2ZXLRJidUcm9vdIABAAgAEQAaACMALQAyADcAQABGAE0AVQBgAGcAagBsAG4AcQBzAHUAdwCEAI4A0gDXAN8C3QLfAuQC7wL4AwYDCgMRAxoDHwMsAy8DQQNEA0kAAAAAAAACAQAAAAAAAAAoAAAAAAAAAAAAAAAAAAADSw==},
	Bdsk-Url-1 = {http://dx.doi.org/10.1007/978-3-319-25010-6_19}}

@misc{Albornoz,
	Author = {Facundo Albornoz and Pablo Warnes},
	Date-Added = {2016-03-06 01:19:03 +0000},
	Date-Modified = {2016-03-06 01:22:00 +0000},
	Title = {El estado de la ciencia en im{\'a}genes},
	Year = {2013},
	Bdsk-File-1 = {YnBsaXN0MDDUAQIDBAUGJCVYJHZlcnNpb25YJG9iamVjdHNZJGFyY2hpdmVyVCR0b3ASAAGGoKgHCBMUFRYaIVUkbnVsbNMJCgsMDxJXTlMua2V5c1pOUy5vYmplY3RzViRjbGFzc6INDoACgAOiEBGABIAFgAdccmVsYXRpdmVQYXRoWWFsaWFzRGF0YV8QQi4uLy4uL21hc2thbmFfdjJfbGF0ZXgvcGFwZXJzL0ZTdW1iYS8xMyBFMjAxNV9Fc3RhZG9lbmltYWdlbmVzLnBkZtIXCxgZV05TLmRhdGFPEQH+AAAAAAH+AAIAAAxNYWNpbnRvc2ggSEQAAAAAAAAAAAAAAAAAAADQiVX6SCsAAAGQNjYdMTMgRTIwMTVfRXN0YWRvZW5pbWFnZW5lcy5wZGYAAAAAAAAAAAAAAAAAAAAAAAAAAAAAAAAAAAAAAAAAAAAAAZCKONMAuxoAAAAAAAAAAAABAAMAAAkgAAAAAAAAAAAAAAAAAAAABkZTdW1iYQAQAAgAANCJnEoAAAARAAgAANMBAWoAAAABABgBkDY2AYR+awF7N+4ACXG8AAlDSAACk9MAAgBjTWFjaW50b3NoIEhEOlVzZXJzOgBjdWVudDoARHJvcGJveDoATWFza2FuYV92Ml9MYVRlWDoAcGFwZXJzOgBGU3VtYmE6ADEzIEUyMDE1X0VzdGFkb2VuaW1hZ2VuZXMucGRmAAAOADwAHQAxADMAIABFADIAMAAxADUAXwBFAHMAdABhAGQAbwBlAG4AaQBtAGEAZwBlAG4AZQBzAC4AcABkAGYADwAaAAwATQBhAGMAaQBuAHQAbwBzAGgAIABIAEQAEgBQVXNlcnMvY3VlbnQvRHJvcGJveC9tYXNrYW5hX3YyX2xhdGV4L3BhcGVycy9GU3VtYmEvMTMgRTIwMTVfRXN0YWRvZW5pbWFnZW5lcy5wZGYAEwABLwAAFQACAAz//wAAgAbSGxwdHlokY2xhc3NuYW1lWCRjbGFzc2VzXU5TTXV0YWJsZURhdGGjHR8gVk5TRGF0YVhOU09iamVjdNIbHCIjXE5TRGljdGlvbmFyeaIiIF8QD05TS2V5ZWRBcmNoaXZlctEmJ1Ryb290gAEACAARABoAIwAtADIANwBAAEYATQBVAGAAZwBqAGwAbgBxAHMAdQB3AIQAjgDTANgA4ALiAuQC6QL0Av0DCwMPAxYDHwMkAzEDNANGA0kDTgAAAAAAAAIBAAAAAAAAACgAAAAAAAAAAAAAAAAAAANQ}}

@misc{Ortiz,
	Abstract = {Nowadays, Web Services are widely used so that there is an immense collection of applications on the Web. Most of such applications, like information services about: weather, sports, news, among and others, rely on the use the REST architecture. Due to the massification that Web Services have reached, it is evident that more sophisticated mechanisms for managing and exploitation them are needed therefore, activities of web services such as discovery, searching and composition have become daily tasks among developers. However, some tasks implementation brings some obstacles caused by the lack of automatization within its processes, which requires high human intervention.
 Currently, the main approach in solving the problem proposed by the lack of automation tasks related to the management of Web Services corresponds to the incorporation of semantic annotations. This approach aims to help computers to interpret and understand the information of Web Services, so that the aforementioned tasks (discovery, searching and composition) can be automated. Nonetheless, most of semantic annotations approaches require manual procedures up to date. Within this context, this thesis work describes the development of a platform for Web Services automatic semantic annotation, a platform that allows generating semantic annotations with reduced human intervention through the development of a component that allows the automatic selection of ontologies according to the Web Services domain.},
	Author = {Ortiz Vivar, J. E. and Segarra Flores, J. L.},
	Date-Added = {2016-03-05 20:08:47 +0000},
	Date-Modified = {2016-03-05 20:17:34 +0000},
	Month = {sep},
	School = {Universidad de Cuenca},
	Title = {Plataforma para la anotaci\'on sem\'antica de servicio web RESTful sobre un bus de servicios},
	Year = {2015},
	Bdsk-File-1 = {YnBsaXN0MDDUAQIDBAUGJCVYJHZlcnNpb25YJG9iamVjdHNZJGFyY2hpdmVyVCR0b3ASAAGGoKgHCBMUFRYaIVUkbnVsbNMJCgsMDxJXTlMua2V5c1pOUy5vYmplY3RzViRjbGFzc6INDoACgAOiEBGABIAFgAdccmVsYXRpdmVQYXRoWWFsaWFzRGF0YV8QMC4uLy4uL21hc2thbmFfdjJfbGF0ZXgvcGFwZXJzL0ZTdW1iYS8yIHRlc2lzLnBkZtIXCxgZV05TLmRhdGFPEQG2AAAAAAG2AAIAAAxNYWNpbnRvc2ggSEQAAAAAAAAAAAAAAAAAAADQiVX6SCsAAAGQNjYLMiB0ZXNpcy5wZGYAAAAAAAAAAAAAAAAAAAAAAAAAAAAAAAAAAAAAAAAAAAAAAAAAAAAAAAAAAAAAAAAAAAAAAPNmptK1U8oAAAAAAAAAAAABAAMAAAkgAAAAAAAAAAAAAAAAAAAABkZTdW1iYQAQAAgAANCJnEoAAAARAAgAANK1mhoAAAABABgBkDY2AYR+awF7N+4ACXG8AAlDSAACk9MAAgBRTWFjaW50b3NoIEhEOlVzZXJzOgBjdWVudDoARHJvcGJveDoATWFza2FuYV92Ml9MYVRlWDoAcGFwZXJzOgBGU3VtYmE6ADIgdGVzaXMucGRmAAAOABgACwAyACAAdABlAHMAaQBzAC4AcABkAGYADwAaAAwATQBhAGMAaQBuAHQAbwBzAGgAIABIAEQAEgA+VXNlcnMvY3VlbnQvRHJvcGJveC9tYXNrYW5hX3YyX2xhdGV4L3BhcGVycy9GU3VtYmEvMiB0ZXNpcy5wZGYAEwABLwAAFQACAAz//wAAgAbSGxwdHlokY2xhc3NuYW1lWCRjbGFzc2VzXU5TTXV0YWJsZURhdGGjHR8gVk5TRGF0YVhOU09iamVjdNIbHCIjXE5TRGljdGlvbmFyeaIiIF8QD05TS2V5ZWRBcmNoaXZlctEmJ1Ryb290gAEACAARABoAIwAtADIANwBAAEYATQBVAGAAZwBqAGwAbgBxAHMAdQB3AIQAjgDBAMYAzgKIAooCjwKaAqMCsQK1ArwCxQLKAtcC2gLsAu8C9AAAAAAAAAIBAAAAAAAAACgAAAAAAAAAAAAAAAAAAAL2}}

@article{Griffiths,
	Author = {Griffiths, Thomas L. and Steyvers, Mark},
	Date-Added = {2016-03-05 19:58:09 +0000},
	Date-Modified = {2016-03-05 20:00:23 +0000},
	Journal = {Proceedings of the National Academy of Sciences},
	Keywords = {topic series time from:hotho trend detection ml},
	Title = {Finding scientific topics},
	Year = {2004},
	Bdsk-File-1 = {YnBsaXN0MDDUAQIDBAUGJCVYJHZlcnNpb25YJG9iamVjdHNZJGFyY2hpdmVyVCR0b3ASAAGGoKgHCBMUFRYaIVUkbnVsbNMJCgsMDxJXTlMua2V5c1pOUy5vYmplY3RzViRjbGFzc6INDoACgAOiEBGABIAFgAdccmVsYXRpdmVQYXRoWWFsaWFzRGF0YV8QRy4uLy4uL21hc2thbmFfdjJfbGF0ZXgvcGFwZXJzL1hTdW1iYS8xNCBQTkFTLTIwMDQtR3JpZmZpdGhzLTUyMjgtMzUucGRm0hcLGBlXTlMuZGF0YU8RAhAAAAAAAhAAAgAADE1hY2ludG9zaCBIRAAAAAAAAAAAAAAAAAAAANCJVfpIKwAAAZA18R8xNCBQTkFTLTIwMDQtR3JpZmZpIzE4Rjk1QzcucGRmAAAAAAAAAAAAAAAAAAAAAAAAAAAAAAAAAAAAAAAAAAABj5XH0v58LgAAAAAAAAAAAAEAAwAACSAAAAAAAAAAAAAAAAAAAAAGWFN1bWJhABAACAAA0ImcSgAAABEACAAA0v7CfgAAAAEAGAGQNfEBhH5rAXs37gAJcbwACUNIAAKT0wACAGVNYWNpbnRvc2ggSEQ6VXNlcnM6AGN1ZW50OgBEcm9wYm94OgBNYXNrYW5hX3YyX0xhVGVYOgBwYXBlcnM6AFhTdW1iYToAMTQgUE5BUy0yMDA0LUdyaWZmaSMxOEY5NUM3LnBkZgAADgBGACIAMQA0ACAAUABOAEEAUwAtADIAMAAwADQALQBHAHIAaQBmAGYAaQB0AGgAcwAtADUAMgAyADgALQAzADUALgBwAGQAZgAPABoADABNAGEAYwBpAG4AdABvAHMAaAAgAEgARAASAFVVc2Vycy9jdWVudC9Ecm9wYm94L21hc2thbmFfdjJfbGF0ZXgvcGFwZXJzL1hTdW1iYS8xNCBQTkFTLTIwMDQtR3JpZmZpdGhzLTUyMjgtMzUucGRmAAATAAEvAAAVAAIADP//AACABtIbHB0eWiRjbGFzc25hbWVYJGNsYXNzZXNdTlNNdXRhYmxlRGF0YaMdHyBWTlNEYXRhWE5TT2JqZWN00hscIiNcTlNEaWN0aW9uYXJ5oiIgXxAPTlNLZXllZEFyY2hpdmVy0SYnVHJvb3SAAQAIABEAGgAjAC0AMgA3AEAARgBNAFUAYABnAGoAbABuAHEAcwB1AHcAhACOANgA3QDlAvkC+wMAAwsDFAMiAyYDLQM2AzsDSANLA10DYANlAAAAAAAAAgEAAAAAAAAAKAAAAAAAAAAAAAAAAAAAA2c=}}

@inproceedings{Biro,
	Acmid = {1531922},
	Address = {New York, NY, USA},
	Author = {B\'{\i}r\'{o}, Istv\'{a}n and Sikl\'{o}si, D\'{a}vid and Szab\'{o}, J\'{a}cint and Bencz\'{u}r, Andr\'{a}s A.},
	Booktitle = {Proceedings of the 5th International Workshop on Adversarial Information Retrieval on the Web},
	Date-Added = {2016-03-05 19:55:42 +0000},
	Date-Modified = {2016-03-05 19:56:11 +0000},
	Doi = {10.1145/1531914.1531922},
	Isbn = {978-1-60558-438-6},
	Keywords = {document classification, feature selection, information retrieval, latent Dirichlet allocation, text analysis, web content spam},
	Location = {Madrid, Spain},
	Numpages = {4},
	Pages = {37--40},
	Publisher = {ACM},
	Series = {AIRWeb '09},
	Title = {Linked Latent Dirichlet Allocation in Web Spam Filtering},
	Url = {http://doi.acm.org/10.1145/1531914.1531922},
	Year = {2009},
	Bdsk-File-1 = {YnBsaXN0MDDUAQIDBAUGJCVYJHZlcnNpb25YJG9iamVjdHNZJGFyY2hpdmVyVCR0b3ASAAGGoKgHCBMUFRYaIVUkbnVsbNMJCgsMDxJXTlMua2V5c1pOUy5vYmplY3RzViRjbGFzc6INDoACgAOiEBGABIAFgAdccmVsYXRpdmVQYXRoWWFsaWFzRGF0YV8QOy4uLy4uL21hc2thbmFfdjJfbGF0ZXgvcGFwZXJzL1hTdW1iYS8xNSAxMC4xLjEuMzMwLjg1OTQucGRm0hcLGBlXTlMuZGF0YU8RAeIAAAAAAeIAAgAADE1hY2ludG9zaCBIRAAAAAAAAAAAAAAAAAAAANCJVfpIKwAAAZA18RYxNSAxMC4xLjEuMzMwLjg1OTQucGRmAAAAAAAAAAAAAAAAAAAAAAAAAAAAAAAAAAAAAAAAAAAAAAAAAAAAAAABj5nN0v58rAAAAAAAAAAAAAEAAwAACSAAAAAAAAAAAAAAAAAAAAAGWFN1bWJhABAACAAA0ImcSgAAABEACAAA0v7C/AAAAAEAGAGQNfEBhH5rAXs37gAJcbwACUNIAAKT0wACAFxNYWNpbnRvc2ggSEQ6VXNlcnM6AGN1ZW50OgBEcm9wYm94OgBNYXNrYW5hX3YyX0xhVGVYOgBwYXBlcnM6AFhTdW1iYToAMTUgMTAuMS4xLjMzMC44NTk0LnBkZgAOAC4AFgAxADUAIAAxADAALgAxAC4AMQAuADMAMwAwAC4AOAA1ADkANAAuAHAAZABmAA8AGgAMAE0AYQBjAGkAbgB0AG8AcwBoACAASABEABIASVVzZXJzL2N1ZW50L0Ryb3Bib3gvbWFza2FuYV92Ml9sYXRleC9wYXBlcnMvWFN1bWJhLzE1IDEwLjEuMS4zMzAuODU5NC5wZGYAABMAAS8AABUAAgAM//8AAIAG0hscHR5aJGNsYXNzbmFtZVgkY2xhc3Nlc11OU011dGFibGVEYXRhox0fIFZOU0RhdGFYTlNPYmplY3TSGxwiI1xOU0RpY3Rpb25hcnmiIiBfEA9OU0tleWVkQXJjaGl2ZXLRJidUcm9vdIABAAgAEQAaACMALQAyADcAQABGAE0AVQBgAGcAagBsAG4AcQBzAHUAdwCEAI4AzADRANkCvwLBAsYC0QLaAugC7ALzAvwDAQMOAxEDIwMmAysAAAAAAAACAQAAAAAAAAAoAAAAAAAAAAAAAAAAAAADLQ==},
	Bdsk-Url-1 = {http://doi.acm.org/10.1145/1531914.1531922},
	Bdsk-Url-2 = {http://dx.doi.org/10.1145/1531914.1531922}}

@inproceedings{Krestel,
	Abstract = {Tagging systems have become major infrastructures on the Web. They allow users to create tags that annotate and categorize content and share them with other users, very helpful in particular for searching multimedia content. However, as tagging is not constrained by a controlled vocabulary and annotation guidelines, tags tend to be noisy and sparse. Especially new resources annotated by only a few users have often rather idiosyncratic tags that do not reflect a common perspective useful for search. In this paper we introduce an approach based on Latent Dirichlet Allocation (LDA) for recommending tags of resources in order to improve search. Resources annotated by many users and thus equipped with a fairly stable and complete tag set are used to elicit latent topics to which new resources with only a few tags are mapped. Based on this, other tags belonging to a topic can be recommended for the new resource. Our evaluation shows that the approach achieves significantly better precision and recall than the use of association rules, suggested in previous work, and also recommends more specific tags. Moreover, extending resources with these recommended tags significantly improves search for new resources.},
	Address = {New York, NY, USA},
	Author = {Krestel, Ralf and Fankhauser, Peter and Nejdl, Wolfgang},
	Booktitle = {Proceedings of the third ACM conference on Recommender systems},
	Date-Added = {2016-03-05 19:50:11 +0000},
	Date-Modified = {2016-03-05 19:52:55 +0000},
	Keywords = {lda recommender tag warwick},
	Pages = {61--68},
	Publisher = {ACM},
	Title = {Latent dirichlet allocation for tag recommendation},
	Year = {2009},
	Bdsk-File-1 = {YnBsaXN0MDDUAQIDBAUGJCVYJHZlcnNpb25YJG9iamVjdHNZJGFyY2hpdmVyVCR0b3ASAAGGoKgHCBMUFRYaIVUkbnVsbNMJCgsMDxJXTlMua2V5c1pOUy5vYmplY3RzViRjbGFzc6INDoACgAOiEBGABIAFgAdccmVsYXRpdmVQYXRoWWFsaWFzRGF0YV8QRC4uLy4uL21hc2thbmFfdjJfbGF0ZXgvcGFwZXJzL1hTdW1iYS8xMyAwMmU3ZTUxZTQyYTk5NGY0MTUwMDAwMDAucGRm0hcLGBlXTlMuZGF0YU8RAgYAAAAAAgYAAgAADE1hY2ludG9zaCBIRAAAAAAAAAAAAAAAAAAAANCJVfpIKwAAAZA18R8xMyAwMmU3ZTUxZTQyYTk5NGY0MTUwMDAwMDAucGRmAAAAAAAAAAAAAAAAAAAAAAAAAAAAAAAAAAAAAAAAAAABj5J10v572QAAAAAAAAAAAAEAAwAACSAAAAAAAAAAAAAAAAAAAAAGWFN1bWJhABAACAAA0ImcSgAAABEACAAA0v7CKQAAAAEAGAGQNfEBhH5rAXs37gAJcbwACUNIAAKT0wACAGVNYWNpbnRvc2ggSEQ6VXNlcnM6AGN1ZW50OgBEcm9wYm94OgBNYXNrYW5hX3YyX0xhVGVYOgBwYXBlcnM6AFhTdW1iYToAMTMgMDJlN2U1MWU0MmE5OTRmNDE1MDAwMDAwLnBkZgAADgBAAB8AMQAzACAAMAAyAGUANwBlADUAMQBlADQAMgBhADkAOQA0AGYANAAxADUAMAAwADAAMAAwADAALgBwAGQAZgAPABoADABNAGEAYwBpAG4AdABvAHMAaAAgAEgARAASAFJVc2Vycy9jdWVudC9Ecm9wYm94L21hc2thbmFfdjJfbGF0ZXgvcGFwZXJzL1hTdW1iYS8xMyAwMmU3ZTUxZTQyYTk5NGY0MTUwMDAwMDAucGRmABMAAS8AABUAAgAM//8AAIAG0hscHR5aJGNsYXNzbmFtZVgkY2xhc3Nlc11OU011dGFibGVEYXRhox0fIFZOU0RhdGFYTlNPYmplY3TSGxwiI1xOU0RpY3Rpb25hcnmiIiBfEA9OU0tleWVkQXJjaGl2ZXLRJidUcm9vdIABAAgAEQAaACMALQAyADcAQABGAE0AVQBgAGcAagBsAG4AcQBzAHUAdwCEAI4A1QDaAOIC7ALuAvMC/gMHAxUDGQMgAykDLgM7Az4DUANTA1gAAAAAAAACAQAAAAAAAAAoAAAAAAAAAAAAAAAAAAADWg==}}

@article{Blei,
	Abstract = {We describe latent Dirichlet allocation (LDA), a generative probabilistic model for collections of discrete data such as text corpora. LDA is a three-level hierarchical Bayesian model, in which each item of a collection is modeled as a finite mixture over an underlying set of topics. Each topic is, in turn, modeled as an infinite mixture over an underlying set of topic probabilities. In the context of text modeling, the topic probabilities provide an explicit representation of a document. We present efficient approximate inference techniques based on variational methods and an EM algorithm for empirical Bayes parameter estimation. We report results in document modeling, text classification, and collaborative filtering, comparing to a mixture of unigrams model and the probabilistic LSI model.},
	Author = {Blei, David M. and Ng, Andrew Y. and Jordan, Michael I.},
	Booktitle = {J. Mach. Learn. Res.},
	Date-Added = {2016-03-05 19:45:48 +0000},
	Date-Modified = {2016-03-05 19:47:23 +0000},
	Journal = {J. Mach. Learn. Res.},
	Month = {mar},
	Number = {30},
	Pages = {993--1022},
	Title = {Latent Dirichlet Allocation},
	Volume = {3},
	Year = {2003},
	Bdsk-File-1 = {YnBsaXN0MDDUAQIDBAUGJCVYJHZlcnNpb25YJG9iamVjdHNZJGFyY2hpdmVyVCR0b3ASAAGGoKgHCBMUFRYaIVUkbnVsbNMJCgsMDxJXTlMua2V5c1pOUy5vYmplY3RzViRjbGFzc6INDoACgAOiEBGABIAFgAdccmVsYXRpdmVQYXRoWWFsaWFzRGF0YV8QPC4uLy4uL21hc2thbmFfdjJfbGF0ZXgvcGFwZXJzL1hTdW1iYS8xMSBCbGVpTmdKb3JkYW4yMDAzLnBkZtIXCxgZV05TLmRhdGFPEQHmAAAAAAHmAAIAAAxNYWNpbnRvc2ggSEQAAAAAAAAAAAAAAAAAAADQiVX6SCsAAAGQNfEXMTEgQmxlaU5nSm9yZGFuMjAwMy5wZGYAAAAAAAAAAAAAAAAAAAAAAAAAAAAAAAAAAAAAAAAAAAAAAAAAAAAAAQExEdLGvbYAAAAAAAAAAAABAAMAAAkgAAAAAAAAAAAAAAAAAAAABlhTdW1iYQAQAAgAANCJnEoAAAARAAgAANLHBAYAAAABABgBkDXxAYR+awF7N+4ACXG8AAlDSAACk9MAAgBdTWFjaW50b3NoIEhEOlVzZXJzOgBjdWVudDoARHJvcGJveDoATWFza2FuYV92Ml9MYVRlWDoAcGFwZXJzOgBYU3VtYmE6ADExIEJsZWlOZ0pvcmRhbjIwMDMucGRmAAAOADAAFwAxADEAIABCAGwAZQBpAE4AZwBKAG8AcgBkAGEAbgAyADAAMAAzAC4AcABkAGYADwAaAAwATQBhAGMAaQBuAHQAbwBzAGgAIABIAEQAEgBKVXNlcnMvY3VlbnQvRHJvcGJveC9tYXNrYW5hX3YyX2xhdGV4L3BhcGVycy9YU3VtYmEvMTEgQmxlaU5nSm9yZGFuMjAwMy5wZGYAEwABLwAAFQACAAz//wAAgAbSGxwdHlokY2xhc3NuYW1lWCRjbGFzc2VzXU5TTXV0YWJsZURhdGGjHR8gVk5TRGF0YVhOU09iamVjdNIbHCIjXE5TRGljdGlvbmFyeaIiIF8QD05TS2V5ZWRBcmNoaXZlctEmJ1Ryb290gAEACAARABoAIwAtADIANwBAAEYATQBVAGAAZwBqAGwAbgBxAHMAdQB3AIQAjgDNANIA2gLEAsYCywLWAt8C7QLxAvgDAQMGAxMDFgMoAysDMAAAAAAAAAIBAAAAAAAAACgAAAAAAAAAAAAAAAAAAAMy}}

@incollection{Yee,
	Author = {Yee W. Teh and David Newman and Welling, Max},
	Booktitle = {Advances in Neural Information Processing Systems 19},
	Date-Added = {2016-03-05 19:42:53 +0000},
	Date-Modified = {2016-03-05 19:42:53 +0000},
	Editor = {B. Sch\"{o}lkopf and J. C. Platt and T. Hoffman},
	Pages = {1353--1360},
	Publisher = {MIT Press},
	Title = {A Collapsed Variational Bayesian Inference Algorithm for Latent Dirichlet Allocation},
	Url = {http://papers.nips.cc/paper/3113-a-collapsed-variational-bayesian-inference-algorithm-for-latent-dirichlet-allocation.pdf},
	Year = {2007},
	Bdsk-File-1 = {YnBsaXN0MDDUAQIDBAUGJCVYJHZlcnNpb25YJG9iamVjdHNZJGFyY2hpdmVyVCR0b3ASAAGGoKgHCBMUFRYaIVUkbnVsbNMJCgsMDxJXTlMua2V5c1pOUy5vYmplY3RzViRjbGFzc6INDoACgAOiEBGABIAFgAdccmVsYXRpdmVQYXRoWWFsaWFzRGF0YV8QhS4uLy4uL21hc2thbmFfdjJfbGF0ZXgvcGFwZXJzL1hTdW1iYS8xMiAzMTEzLWEtY29sbGFwc2VkLXZhcmlhdGlvbmFsLWJheWVzaWFuLWluZmVyZW5jZS1hbGdvcml0aG0tZm9yLWxhdGVudC1kaXJpY2hsZXQtYWxsb2NhdGlvbi5wZGbSFwsYGVdOUy5kYXRhTxECygAAAAACygACAAAMTWFjaW50b3NoIEhEAAAAAAAAAAAAAAAAAAAA0IlV+kgrAAABkDXxHzEyIDMxMTMtYS1jb2xsYXBzZWQtI0ZENzhFNy5wZGYAAAAAAAAAAAAAAAAAAAAAAAAAAAAAAAAAAAAAAAAAAAD9eOfSwrtDAAAAAAAAAAAAAQADAAAJIAAAAAAAAAAAAAAAAAAAAAZYU3VtYmEAEAAIAADQiZxKAAAAEQAIAADSwwGTAAAAAQAYAZA18QGEfmsBezfuAAlxvAAJQ0gAApPTAAIAZU1hY2ludG9zaCBIRDpVc2VyczoAY3VlbnQ6AERyb3Bib3g6AE1hc2thbmFfdjJfTGFUZVg6AHBhcGVyczoAWFN1bWJhOgAxMiAzMTEzLWEtY29sbGFwc2VkLSNGRDc4RTcucGRmAAAOAMIAYAAxADIAIAAzADEAMQAzAC0AYQAtAGMAbwBsAGwAYQBwAHMAZQBkAC0AdgBhAHIAaQBhAHQAaQBvAG4AYQBsAC0AYgBhAHkAZQBzAGkAYQBuAC0AaQBuAGYAZQByAGUAbgBjAGUALQBhAGwAZwBvAHIAaQB0AGgAbQAtAGYAbwByAC0AbABhAHQAZQBuAHQALQBkAGkAcgBpAGMAaABsAGUAdAAtAGEAbABsAG8AYwBhAHQAaQBvAG4ALgBwAGQAZgAPABoADABNAGEAYwBpAG4AdABvAHMAaAAgAEgARAASAJNVc2Vycy9jdWVudC9Ecm9wYm94L21hc2thbmFfdjJfbGF0ZXgvcGFwZXJzL1hTdW1iYS8xMiAzMTEzLWEtY29sbGFwc2VkLXZhcmlhdGlvbmFsLWJheWVzaWFuLWluZmVyZW5jZS1hbGdvcml0aG0tZm9yLWxhdGVudC1kaXJpY2hsZXQtYWxsb2NhdGlvbi5wZGYAABMAAS8AABUAAgAM//8AAIAG0hscHR5aJGNsYXNzbmFtZVgkY2xhc3Nlc11OU011dGFibGVEYXRhox0fIFZOU0RhdGFYTlNPYmplY3TSGxwiI1xOU0RpY3Rpb25hcnmiIiBfEA9OU0tleWVkQXJjaGl2ZXLRJidUcm9vdIABAAgAEQAaACMALQAyADcAQABGAE0AVQBgAGcAagBsAG4AcQBzAHUAdwCEAI4BFgEbASMD8QPzA/gEAwQMBBoEHgQlBC4EMwRABEMEVQRYBF0AAAAAAAACAQAAAAAAAAAoAAAAAAAAAAAAAAAAAAAEXw==},
	Bdsk-Url-1 = {http://papers.nips.cc/paper/3113-a-collapsed-variational-bayesian-inference-algorithm-for-latent-dirichlet-allocation.pdf}}

@inproceedings{Shindler,
	Author = {Shindler, Michael and Wong, Alex and Meyerson, Adam},
	Booktitle = {NIPS},
	Date-Added = {2016-03-05 19:01:30 +0000},
	Date-Modified = {2016-03-05 19:04:15 +0000},
	Editor = {Shawe-Taylor, John and Zemel, Richard S. and Bartlett, Peter L. and Pereira, Fernando C. N. and Weinberger, Kilian Q.},
	Pages = {2375--2383},
	Title = {Fast and Accurate k-means For Large Datasets.},
	Year = {2011},
	Bdsk-File-1 = {YnBsaXN0MDDUAQIDBAUGJCVYJHZlcnNpb25YJG9iamVjdHNZJGFyY2hpdmVyVCR0b3ASAAGGoKgHCBMUFRYaIVUkbnVsbNMJCgsMDxJXTlMua2V5c1pOUy5vYmplY3RzViRjbGFzc6INDoACgAOiEBGABIAFgAdccmVsYXRpdmVQYXRoWWFsaWFzRGF0YV8QXS4uLy4uL21hc2thbmFfdjJfbGF0ZXgvcGFwZXJzL1hTdW1iYS8xMCA0MzYyLWZhc3QtYW5kLWFjY3VyYXRlLWstbWVhbnMtZm9yLWxhcmdlLWRhdGFzZXRzLnBkZtIXCxgZV05TLmRhdGFPEQJSAAAAAAJSAAIAAAxNYWNpbnRvc2ggSEQAAAAAAAAAAAAAAAAAAADQiVX6SCsAAAGQNfEfMTAgNDM2Mi1mYXN0LWFuZC1hYyMxOEVCODhELnBkZgAAAAAAAAAAAAAAAAAAAAAAAAAAAAAAAAAAAAAAAAAAAY64jdL+AIAAAAAAAAAAAAABAAMAAAkgAAAAAAAAAAAAAAAAAAAABlhTdW1iYQAQAAgAANCJnEoAAAARAAgAANL+RtAAAAABABgBkDXxAYR+awF7N+4ACXG8AAlDSAACk9MAAgBlTWFjaW50b3NoIEhEOlVzZXJzOgBjdWVudDoARHJvcGJveDoATWFza2FuYV92Ml9MYVRlWDoAcGFwZXJzOgBYU3VtYmE6ADEwIDQzNjItZmFzdC1hbmQtYWMjMThFQjg4RC5wZGYAAA4AcgA4ADEAMAAgADQAMwA2ADIALQBmAGEAcwB0AC0AYQBuAGQALQBhAGMAYwB1AHIAYQB0AGUALQBrAC0AbQBlAGEAbgBzAC0AZgBvAHIALQBsAGEAcgBnAGUALQBkAGEAdABhAHMAZQB0AHMALgBwAGQAZgAPABoADABNAGEAYwBpAG4AdABvAHMAaAAgAEgARAASAGtVc2Vycy9jdWVudC9Ecm9wYm94L21hc2thbmFfdjJfbGF0ZXgvcGFwZXJzL1hTdW1iYS8xMCA0MzYyLWZhc3QtYW5kLWFjY3VyYXRlLWstbWVhbnMtZm9yLWxhcmdlLWRhdGFzZXRzLnBkZgAAEwABLwAAFQACAAz//wAAgAbSGxwdHlokY2xhc3NuYW1lWCRjbGFzc2VzXU5TTXV0YWJsZURhdGGjHR8gVk5TRGF0YVhOU09iamVjdNIbHCIjXE5TRGljdGlvbmFyeaIiIF8QD05TS2V5ZWRBcmNoaXZlctEmJ1Ryb290gAEACAARABoAIwAtADIANwBAAEYATQBVAGAAZwBqAGwAbgBxAHMAdQB3AIQAjgDuAPMA+wNRA1MDWANjA2wDegN+A4UDjgOTA6ADowO1A7gDvQAAAAAAAAIBAAAAAAAAACgAAAAAAAAAAAAAAAAAAAO/}}

@article{Lloyd,
	Author = {Lloyd, S.},
	Date-Added = {2016-03-05 18:55:07 +0000},
	Date-Modified = {2016-03-05 18:57:02 +0000},
	Journal = {IEEE Trans. Inf. Theor.},
	Month = {sep},
	Number = {2},
	Pages = {129--137},
	Title = {Least Squares Quantization in PCM},
	Volume = {28},
	Year = {2006},
	Bdsk-File-1 = {YnBsaXN0MDDUAQIDBAUGJCVYJHZlcnNpb25YJG9iamVjdHNZJGFyY2hpdmVyVCR0b3ASAAGGoKgHCBMUFRYaIVUkbnVsbNMJCgsMDxJXTlMua2V5c1pOUy5vYmplY3RzViRjbGFzc6INDoACgAOiEBGABIAFgAdccmVsYXRpdmVQYXRoWWFsaWFzRGF0YV8QOy4uLy4uL21hc2thbmFfdjJfbGF0ZXgvcGFwZXJzL1hTdW1iYS85LiAxMC4xLjEuMTMxLjEzMzgucGRm0hcLGBlXTlMuZGF0YU8RAeIAAAAAAeIAAgAADE1hY2ludG9zaCBIRAAAAAAAAAAAAAAAAAAAANCJVfpIKwAAAZA18RY5LiAxMC4xLjEuMTMxLjEzMzgucGRmAAAAAAAAAAAAAAAAAAAAAAAAAAAAAAAAAAAAAAAAAAAAAAAAAAAAAAABDu5Q0twWLQAAAAAAAAAAAAEAAwAACSAAAAAAAAAAAAAAAAAAAAAGWFN1bWJhABAACAAA0ImcSgAAABEACAAA0txcfQAAAAEAGAGQNfEBhH5rAXs37gAJcbwACUNIAAKT0wACAFxNYWNpbnRvc2ggSEQ6VXNlcnM6AGN1ZW50OgBEcm9wYm94OgBNYXNrYW5hX3YyX0xhVGVYOgBwYXBlcnM6AFhTdW1iYToAOS4gMTAuMS4xLjEzMS4xMzM4LnBkZgAOAC4AFgA5AC4AIAAxADAALgAxAC4AMQAuADEAMwAxAC4AMQAzADMAOAAuAHAAZABmAA8AGgAMAE0AYQBjAGkAbgB0AG8AcwBoACAASABEABIASVVzZXJzL2N1ZW50L0Ryb3Bib3gvbWFza2FuYV92Ml9sYXRleC9wYXBlcnMvWFN1bWJhLzkuIDEwLjEuMS4xMzEuMTMzOC5wZGYAABMAAS8AABUAAgAM//8AAIAG0hscHR5aJGNsYXNzbmFtZVgkY2xhc3Nlc11OU011dGFibGVEYXRhox0fIFZOU0RhdGFYTlNPYmplY3TSGxwiI1xOU0RpY3Rpb25hcnmiIiBfEA9OU0tleWVkQXJjaGl2ZXLRJidUcm9vdIABAAgAEQAaACMALQAyADcAQABGAE0AVQBgAGcAagBsAG4AcQBzAHUAdwCEAI4AzADRANkCvwLBAsYC0QLaAugC7ALzAvwDAQMOAxEDIwMmAysAAAAAAAACAQAAAAAAAAAoAAAAAAAAAAAAAAAAAAADLQ==}}

@article{Victoria,
	Author = {Victoria J. Hodge and Jim Austin},
	Date-Added = {2016-03-05 18:43:44 +0000},
	Date-Modified = {2016-03-05 18:45:43 +0000},
	Journal = {Artificial Intelligence Review},
	Pages = {85--126},
	Title = {A Survey of Outlier Detection Methodologies},
	Volume = {22},
	Year = {2004},
	Bdsk-File-1 = {YnBsaXN0MDDUAQIDBAUGJCVYJHZlcnNpb25YJG9iamVjdHNZJGFyY2hpdmVyVCR0b3ASAAGGoKgHCBMUFRYaIVUkbnVsbNMJCgsMDxJXTlMua2V5c1pOUy5vYmplY3RzViRjbGFzc6INDoACgAOiEBGABIAFgAdccmVsYXRpdmVQYXRoWWFsaWFzRGF0YV8QNC4uLy4uL21hc2thbmFfdjJfbGF0ZXgvcGFwZXJzL1hTdW1iYS80LiBob2RnZXZqNC5wZGbSFwsYGVdOUy5kYXRhTxEBxgAAAAABxgACAAAMTWFjaW50b3NoIEhEAAAAAAAAAAAAAAAAAAAA0IlV+kgrAAABkDXxDzQuIGhvZGdldmo0LnBkZgAAAAAAAAAAAAAAAAAAAAAAAAAAAAAAAAAAAAAAAAAAAAAAAAAAAAAAAAAAAAAAAAGFsEjS+9HdAAAAAAAAAAAAAQADAAAJIAAAAAAAAAAAAAAAAAAAAAZYU3VtYmEAEAAIAADQiZxKAAAAEQAIAADS/BgtAAAAAQAYAZA18QGEfmsBezfuAAlxvAAJQ0gAApPTAAIAVU1hY2ludG9zaCBIRDpVc2VyczoAY3VlbnQ6AERyb3Bib3g6AE1hc2thbmFfdjJfTGFUZVg6AHBhcGVyczoAWFN1bWJhOgA0LiBob2RnZXZqNC5wZGYAAA4AIAAPADQALgAgAGgAbwBkAGcAZQB2AGoANAAuAHAAZABmAA8AGgAMAE0AYQBjAGkAbgB0AG8AcwBoACAASABEABIAQlVzZXJzL2N1ZW50L0Ryb3Bib3gvbWFza2FuYV92Ml9sYXRleC9wYXBlcnMvWFN1bWJhLzQuIGhvZGdldmo0LnBkZgATAAEvAAAVAAIADP//AACABtIbHB0eWiRjbGFzc25hbWVYJGNsYXNzZXNdTlNNdXRhYmxlRGF0YaMdHyBWTlNEYXRhWE5TT2JqZWN00hscIiNcTlNEaWN0aW9uYXJ5oiIgXxAPTlNLZXllZEFyY2hpdmVy0SYnVHJvb3SAAQAIABEAGgAjAC0AMgA3AEAARgBNAFUAYABnAGoAbABuAHEAcwB1AHcAhACOAMUAygDSApwCngKjAq4CtwLFAskC0ALZAt4C6wLuAwADAwMIAAAAAAAAAgEAAAAAAAAAKAAAAAAAAAAAAAAAAAAAAwo=}}

@article{Zamir,
	Author = {Oren Zamir and Oren Etzioni and Omid Madani and Richard M. Karp},
	Date-Added = {2016-03-05 18:37:54 +0000},
	Date-Modified = {2016-03-05 18:40:05 +0000},
	Journal = {AAAI},
	Title = {Fast and Intuitive Clustering of Web Documents},
	Year = {1997},
	Bdsk-File-1 = {YnBsaXN0MDDUAQIDBAUGJCVYJHZlcnNpb25YJG9iamVjdHNZJGFyY2hpdmVyVCR0b3ASAAGGoKgHCBMUFRYaIVUkbnVsbNMJCgsMDxJXTlMua2V5c1pOUy5vYmplY3RzViRjbGFzc6INDoACgAOiEBGABIAFgAdccmVsYXRpdmVQYXRoWWFsaWFzRGF0YV8QNS4uLy4uL21hc2thbmFfdjJfbGF0ZXgvcGFwZXJzL1hTdW1iYS83LiBLREQ5Ny0wNjEucGRm0hcLGBlXTlMuZGF0YU8RAcoAAAAAAcoAAgAADE1hY2ludG9zaCBIRAAAAAAAAAAAAAAAAAAAANCJVfpIKwAAAZA18RA3LiBLREQ5Ny0wNjEucGRmAAAAAAAAAAAAAAAAAAAAAAAAAAAAAAAAAAAAAAAAAAAAAAAAAAAAAAAAAAAAAAABhd5J0vvTEQAAAAAAAAAAAAEAAwAACSAAAAAAAAAAAAAAAAAAAAAGWFN1bWJhABAACAAA0ImcSgAAABEACAAA0vwZYQAAAAEAGAGQNfEBhH5rAXs37gAJcbwACUNIAAKT0wACAFZNYWNpbnRvc2ggSEQ6VXNlcnM6AGN1ZW50OgBEcm9wYm94OgBNYXNrYW5hX3YyX0xhVGVYOgBwYXBlcnM6AFhTdW1iYToANy4gS0REOTctMDYxLnBkZgAOACIAEAA3AC4AIABLAEQARAA5ADcALQAwADYAMQAuAHAAZABmAA8AGgAMAE0AYQBjAGkAbgB0AG8AcwBoACAASABEABIAQ1VzZXJzL2N1ZW50L0Ryb3Bib3gvbWFza2FuYV92Ml9sYXRleC9wYXBlcnMvWFN1bWJhLzcuIEtERDk3LTA2MS5wZGYAABMAAS8AABUAAgAM//8AAIAG0hscHR5aJGNsYXNzbmFtZVgkY2xhc3Nlc11OU011dGFibGVEYXRhox0fIFZOU0RhdGFYTlNPYmplY3TSGxwiI1xOU0RpY3Rpb25hcnmiIiBfEA9OU0tleWVkQXJjaGl2ZXLRJidUcm9vdIABAAgAEQAaACMALQAyADcAQABGAE0AVQBgAGcAagBsAG4AcQBzAHUAdwCEAI4AxgDLANMCoQKjAqgCswK8AsoCzgLVAt4C4wLwAvMDBQMIAw0AAAAAAAACAQAAAAAAAAAoAAAAAAAAAAAAAAAAAAADDw==}}

@article{Greg,
	Author = {Greg Hamerly and Charles Elkan},
	Date-Added = {2016-03-05 05:50:23 +0000},
	Date-Modified = {2016-03-05 05:52:41 +0000},
	Title = {Learning the k in k-means},
	Year = {2004},
	Bdsk-File-1 = {YnBsaXN0MDDUAQIDBAUGJCVYJHZlcnNpb25YJG9iamVjdHNZJGFyY2hpdmVyVCR0b3ASAAGGoKgHCBMUFRYaIVUkbnVsbNMJCgsMDxJXTlMua2V5c1pOUy5vYmplY3RzViRjbGFzc6INDoACgAOiEBGABIAFgAdccmVsYXRpdmVQYXRoWWFsaWFzRGF0YV8QSS4uLy4uL21hc2thbmFfdjJfbGF0ZXgvcGFwZXJzL1hTdW1iYS8zIDI1MjYtbGVhcm5pbmctdGhlLWstaW4tay1tZWFucy5wZGbSFwsYGVdOUy5kYXRhTxECFgAAAAACFgACAAAMTWFjaW50b3NoIEhEAAAAAAAAAAAAAAAAAAAA0IlV+kgrAAABkDXxHzMgMjUyNi1sZWFybmluZy10aGUtI0E4M0I2QS5wZGYAAAAAAAAAAAAAAAAAAAAAAAAAAAAAAAAAAAAAAAAAAACoO2rSMGj8AAAAAAAAAAAAAQADAAAJIAAAAAAAAAAAAAAAAAAAAAZYU3VtYmEAEAAIAADQiZxKAAAAEQAIAADSMK9MAAAAAQAYAZA18QGEfmsBezfuAAlxvAAJQ0gAApPTAAIAZU1hY2ludG9zaCBIRDpVc2VyczoAY3VlbnQ6AERyb3Bib3g6AE1hc2thbmFfdjJfTGFUZVg6AHBhcGVyczoAWFN1bWJhOgAzIDI1MjYtbGVhcm5pbmctdGhlLSNBODNCNkEucGRmAAAOAEoAJAAzACAAMgA1ADIANgAtAGwAZQBhAHIAbgBpAG4AZwAtAHQAaABlAC0AawAtAGkAbgAtAGsALQBtAGUAYQBuAHMALgBwAGQAZgAPABoADABNAGEAYwBpAG4AdABvAHMAaAAgAEgARAASAFdVc2Vycy9jdWVudC9Ecm9wYm94L21hc2thbmFfdjJfbGF0ZXgvcGFwZXJzL1hTdW1iYS8zIDI1MjYtbGVhcm5pbmctdGhlLWstaW4tay1tZWFucy5wZGYAABMAAS8AABUAAgAM//8AAIAG0hscHR5aJGNsYXNzbmFtZVgkY2xhc3Nlc11OU011dGFibGVEYXRhox0fIFZOU0RhdGFYTlNPYmplY3TSGxwiI1xOU0RpY3Rpb25hcnmiIiBfEA9OU0tleWVkQXJjaGl2ZXLRJidUcm9vdIABAAgAEQAaACMALQAyADcAQABGAE0AVQBgAGcAagBsAG4AcQBzAHUAdwCEAI4A2gDfAOcDAQMDAwgDEwMcAyoDLgM1Az4DQwNQA1MDZQNoA20AAAAAAAACAQAAAAAAAAAoAAAAAAAAAAAAAAAAAAADbw==}}

@inproceedings{Bradley,
	Address = {San Francisco, CA, USA},
	Author = {Bradley, Paul S. and Fayyad, Usama M.},
	Booktitle = {Proceedings of the Fifteenth International Conference on Machine Learning},
	Date-Added = {2016-03-05 05:47:13 +0000},
	Date-Modified = {2016-03-05 05:49:15 +0000},
	Pages = {91--99},
	Publisher = {Morgan Kaufmann Publishers Inc.},
	Title = {Refining Initial Points for K-Means Clustering},
	Year = {1998},
	Bdsk-File-1 = {YnBsaXN0MDDUAQIDBAUGJCVYJHZlcnNpb25YJG9iamVjdHNZJGFyY2hpdmVyVCR0b3ASAAGGoKgHCBMUFRYaIVUkbnVsbNMJCgsMDxJXTlMua2V5c1pOUy5vYmplY3RzViRjbGFzc6INDoACgAOiEBGABIAFgAdccmVsYXRpdmVQYXRoWWFsaWFzRGF0YV8QOi4uLy4uL21hc2thbmFfdjJfbGF0ZXgvcGFwZXJzL1hTdW1iYS8yLiAxMC4xLjEuNTAuODUyOC5wZGbSFwsYGVdOUy5kYXRhTxEB3gAAAAAB3gACAAAMTWFjaW50b3NoIEhEAAAAAAAAAAAAAAAAAAAA0IlV+kgrAAABkDXxFTIuIDEwLjEuMS41MC44NTI4LnBkZgAAAAAAAAAAAAAAAAAAAAAAAAAAAAAAAAAAAAAAAAAAAAAAAAAAAAAAAAGFL1HS+86WAAAAAAAAAAAAAQADAAAJIAAAAAAAAAAAAAAAAAAAAAZYU3VtYmEAEAAIAADQiZxKAAAAEQAIAADS/BTmAAAAAQAYAZA18QGEfmsBezfuAAlxvAAJQ0gAApPTAAIAW01hY2ludG9zaCBIRDpVc2VyczoAY3VlbnQ6AERyb3Bib3g6AE1hc2thbmFfdjJfTGFUZVg6AHBhcGVyczoAWFN1bWJhOgAyLiAxMC4xLjEuNTAuODUyOC5wZGYAAA4ALAAVADIALgAgADEAMAAuADEALgAxAC4ANQAwAC4AOAA1ADIAOAAuAHAAZABmAA8AGgAMAE0AYQBjAGkAbgB0AG8AcwBoACAASABEABIASFVzZXJzL2N1ZW50L0Ryb3Bib3gvbWFza2FuYV92Ml9sYXRleC9wYXBlcnMvWFN1bWJhLzIuIDEwLjEuMS41MC44NTI4LnBkZgATAAEvAAAVAAIADP//AACABtIbHB0eWiRjbGFzc25hbWVYJGNsYXNzZXNdTlNNdXRhYmxlRGF0YaMdHyBWTlNEYXRhWE5TT2JqZWN00hscIiNcTlNEaWN0aW9uYXJ5oiIgXxAPTlNLZXllZEFyY2hpdmVy0SYnVHJvb3SAAQAIABEAGgAjAC0AMgA3AEAARgBNAFUAYABnAGoAbABuAHEAcwB1AHcAhACOAMsA0ADYAroCvALBAswC1QLjAucC7gL3AvwDCQMMAx4DIQMmAAAAAAAAAgEAAAAAAAAAKAAAAAAAAAAAAAAAAAAAAyg=}}

@article{Charu,
	Author = {Aggarwal, Charu C. and Yu, Philip S.},
	Date-Added = {2016-03-05 05:38:46 +0000},
	Date-Modified = {2016-03-05 18:48:00 +0000},
	Journal = {SIGMOD Rec.},
	Month = {may},
	Number = {2},
	Pages = {70--81},
	Title = {Finding Generalized Projected Clusters in High Dimensional Spaces},
	Volume = {29},
	Year = {2000},
	Bdsk-File-1 = {YnBsaXN0MDDUAQIDBAUGJCVYJHZlcnNpb25YJG9iamVjdHNZJGFyY2hpdmVyVCR0b3ASAAGGoKgHCBMUFRYaIVUkbnVsbNMJCgsMDxJXTlMua2V5c1pOUy5vYmplY3RzViRjbGFzc6INDoACgAOiEBGABIAFgAdccmVsYXRpdmVQYXRoWWFsaWFzRGF0YV8QLy4uLy4uL21hc2thbmFfdjJfbGF0ZXgvcGFwZXJzL1hTdW1iYS8xLiBnZW4ucGRm0hcLGBlXTlMuZGF0YU8RAbIAAAAAAbIAAgAADE1hY2ludG9zaCBIRAAAAAAAAAAAAAAAAAAAANCJVfpIKwAAAZA18QoxLiBnZW4ucGRmAAAAAAAAAAAAAAAAAAAAAAAAAAAAAAAAAAAAAAAAAAAAAAAAAAAAAAAAAAAAAAAAAAAAAAABgOC70vuDLQAAAAAAAAAAAAEAAwAACSAAAAAAAAAAAAAAAAAAAAAGWFN1bWJhABAACAAA0ImcSgAAABEACAAA0vvJfQAAAAEAGAGQNfEBhH5rAXs37gAJcbwACUNIAAKT0wACAFBNYWNpbnRvc2ggSEQ6VXNlcnM6AGN1ZW50OgBEcm9wYm94OgBNYXNrYW5hX3YyX0xhVGVYOgBwYXBlcnM6AFhTdW1iYToAMS4gZ2VuLnBkZgAOABYACgAxAC4AIABnAGUAbgAuAHAAZABmAA8AGgAMAE0AYQBjAGkAbgB0AG8AcwBoACAASABEABIAPVVzZXJzL2N1ZW50L0Ryb3Bib3gvbWFza2FuYV92Ml9sYXRleC9wYXBlcnMvWFN1bWJhLzEuIGdlbi5wZGYAABMAAS8AABUAAgAM//8AAIAG0hscHR5aJGNsYXNzbmFtZVgkY2xhc3Nlc11OU011dGFibGVEYXRhox0fIFZOU0RhdGFYTlNPYmplY3TSGxwiI1xOU0RpY3Rpb25hcnmiIiBfEA9OU0tleWVkQXJjaGl2ZXLRJidUcm9vdIABAAgAEQAaACMALQAyADcAQABGAE0AVQBgAGcAagBsAG4AcQBzAHUAdwCEAI4AwADFAM0CgwKFAooClQKeAqwCsAK3AsACxQLSAtUC5wLqAu8AAAAAAAACAQAAAAAAAAAoAAAAAAAAAAAAAAAAAAAC8Q==}}

@inproceedings{Anil,
	Author = {Anil K. Jain},
	Booktitle = {Pattern Recognition Letters},
	Date-Added = {2016-03-05 05:27:41 +0000},
	Date-Modified = {2016-03-05 18:50:02 +0000},
	Editor = {Elsevier},
	Title = {Data clustering: 50 years beyond K-means},
	Year = {2009},
	Bdsk-File-1 = {YnBsaXN0MDDUAQIDBAUGJCVYJHZlcnNpb25YJG9iamVjdHNZJGFyY2hpdmVyVCR0b3ASAAGGoKgHCBMUFRYaIVUkbnVsbNMJCgsMDxJXTlMua2V5c1pOUy5vYmplY3RzViRjbGFzc6INDoACgAOiEBGABIAFgAdccmVsYXRpdmVQYXRoWWFsaWFzRGF0YV8QQC4uLy4uL21hc2thbmFfdjJfbGF0ZXgvcGFwZXJzL1hTdW1iYS81LiBKYWluQ2x1c3RlcmluZ19QUkwxMC5wZGbSFwsYGVdOUy5kYXRhTxEB9gAAAAAB9gACAAAMTWFjaW50b3NoIEhEAAAAAAAAAAAAAAAAAAAA0IlV+kgrAAABkDXxGzUuIEphaW5DbHVzdGVyaW5nX1BSTDEwLnBkZgAAAAAAAAAAAAAAAAAAAAAAAAAAAAAAAAAAAAAAAAAAAAAAAAGFv2rS+9JMAAAAAAAAAAAAAQADAAAJIAAAAAAAAAAAAAAAAAAAAAZYU3VtYmEAEAAIAADQiZxKAAAAEQAIAADS/BicAAAAAQAYAZA18QGEfmsBezfuAAlxvAAJQ0gAApPTAAIAYU1hY2ludG9zaCBIRDpVc2VyczoAY3VlbnQ6AERyb3Bib3g6AE1hc2thbmFfdjJfTGFUZVg6AHBhcGVyczoAWFN1bWJhOgA1LiBKYWluQ2x1c3RlcmluZ19QUkwxMC5wZGYAAA4AOAAbADUALgAgAEoAYQBpAG4AQwBsAHUAcwB0AGUAcgBpAG4AZwBfAFAAUgBMADEAMAAuAHAAZABmAA8AGgAMAE0AYQBjAGkAbgB0AG8AcwBoACAASABEABIATlVzZXJzL2N1ZW50L0Ryb3Bib3gvbWFza2FuYV92Ml9sYXRleC9wYXBlcnMvWFN1bWJhLzUuIEphaW5DbHVzdGVyaW5nX1BSTDEwLnBkZgATAAEvAAAVAAIADP//AACABtIbHB0eWiRjbGFzc25hbWVYJGNsYXNzZXNdTlNNdXRhYmxlRGF0YaMdHyBWTlNEYXRhWE5TT2JqZWN00hscIiNcTlNEaWN0aW9uYXJ5oiIgXxAPTlNLZXllZEFyY2hpdmVy0SYnVHJvb3SAAQAIABEAGgAjAC0AMgA3AEAARgBNAFUAYABnAGoAbABuAHEAcwB1AHcAhACOANEA1gDeAtgC2gLfAuoC8wMBAwUDDAMVAxoDJwMqAzwDPwNEAAAAAAAAAgEAAAAAAAAAKAAAAAAAAAAAAAAAAAAAA0Y=}}

@inproceedings{Andrews,
	Abstract = {This report aims to give a brief overview of the current state of document clustering research and present recent developments in a well-organized manner. Clustering algorithms are considered with two hypothetical scenarios in mind: online query clustering with tight efficiency constraints, and offline clustering with an emphasis on accuracy. A comparative analysis of the algorithms is performed along with a table summarizing important properties, and open problems as well as directions for future research are discussed.},
	Address = {Virginia Tech},
	Author = {Nicholas O. Andrews and Edward A. Fox},
	Date-Added = {2016-03-05 05:22:55 +0000},
	Date-Modified = {2016-03-05 18:53:51 +0000},
	Organization = {Department of Computer Science},
	Title = {Recent Developments in Document Clustering},
	Year = {2007},
	Bdsk-File-1 = {YnBsaXN0MDDUAQIDBAUGJCVYJHZlcnNpb25YJG9iamVjdHNZJGFyY2hpdmVyVCR0b3ASAAGGoKgHCBMUFRYaIVUkbnVsbNMJCgsMDxJXTlMua2V5c1pOUy5vYmplY3RzViRjbGFzc6INDoACgAOiEBGABIAFgAdccmVsYXRpdmVQYXRoWWFsaWFzRGF0YV8QNC4uLy4uL21hc2thbmFfdjJfbGF0ZXgvcGFwZXJzL1hTdW1iYS82LiBkb2NjbHVzdC5wZGbSFwsYGVdOUy5kYXRhTxEBxgAAAAABxgACAAAMTWFjaW50b3NoIEhEAAAAAAAAAAAAAAAAAAAA0IlV+kgrAAABkDXxDzYuIGRvY2NsdXN0LnBkZgAAAAAAAAAAAAAAAAAAAAAAAAAAAAAAAAAAAAAAAAAAAAAAAAAAAAAAAAAAAAAAAAGF0X/S+9LDAAAAAAAAAAAAAQADAAAJIAAAAAAAAAAAAAAAAAAAAAZYU3VtYmEAEAAIAADQiZxKAAAAEQAIAADS/BkTAAAAAQAYAZA18QGEfmsBezfuAAlxvAAJQ0gAApPTAAIAVU1hY2ludG9zaCBIRDpVc2VyczoAY3VlbnQ6AERyb3Bib3g6AE1hc2thbmFfdjJfTGFUZVg6AHBhcGVyczoAWFN1bWJhOgA2LiBkb2NjbHVzdC5wZGYAAA4AIAAPADYALgAgAGQAbwBjAGMAbAB1AHMAdAAuAHAAZABmAA8AGgAMAE0AYQBjAGkAbgB0AG8AcwBoACAASABEABIAQlVzZXJzL2N1ZW50L0Ryb3Bib3gvbWFza2FuYV92Ml9sYXRleC9wYXBlcnMvWFN1bWJhLzYuIGRvY2NsdXN0LnBkZgATAAEvAAAVAAIADP//AACABtIbHB0eWiRjbGFzc25hbWVYJGNsYXNzZXNdTlNNdXRhYmxlRGF0YaMdHyBWTlNEYXRhWE5TT2JqZWN00hscIiNcTlNEaWN0aW9uYXJ5oiIgXxAPTlNLZXllZEFyY2hpdmVy0SYnVHJvb3SAAQAIABEAGgAjAC0AMgA3AEAARgBNAFUAYABnAGoAbABuAHEAcwB1AHcAhACOAMUAygDSApwCngKjAq4CtwLFAskC0ALZAt4C6wLuAwADAwMIAAAAAAAAAgEAAAAAAAAAKAAAAAAAAAAAAAAAAAAAAwo=}}

@article{Edward,
	Author = {Edward T. O'Neill},
	Date-Added = {2016-03-05 05:12:47 +0000},
	Date-Modified = {2016-03-05 20:04:11 +0000},
	Journal = {Library resources \& technical services},
	Month = {9},
	Title = {FRBR: Functional Requirements for Bibliographic Records},
	Year = {2002},
	Bdsk-File-1 = {YnBsaXN0MDDUAQIDBAUGJCVYJHZlcnNpb25YJG9iamVjdHNZJGFyY2hpdmVyVCR0b3ASAAGGoKgHCBMUFRYaIVUkbnVsbNMJCgsMDxJXTlMua2V5c1pOUy5vYmplY3RzViRjbGFzc6INDoACgAOiEBGABIAFgAdccmVsYXRpdmVQYXRoWWFsaWFzRGF0YV8QOS4uLy4uL21hc2thbmFfdjJfbGF0ZXgvcGFwZXJzL0ZTdW1iYS8xIDUyNzItODY5MS0xLVBCLnBkZtIXCxgZV05TLmRhdGFPEQHaAAAAAAHaAAIAAAxNYWNpbnRvc2ggSEQAAAAAAAAAAAAAAAAAAADQiVX6SCsAAAGQNjYUMSA1MjcyLTg2OTEtMS1QQi5wZGYAAAAAAAAAAAAAAAAAAAAAAAAAAAAAAAAAAAAAAAAAAAAAAAAAAAAAAAAAAZAurdL/1nAAAAAAAAAAAAABAAMAAAkgAAAAAAAAAAAAAAAAAAAABkZTdW1iYQAQAAgAANCJnEoAAAARAAgAANMAHMAAAAABABgBkDY2AYR+awF7N+4ACXG8AAlDSAACk9MAAgBaTWFjaW50b3NoIEhEOlVzZXJzOgBjdWVudDoARHJvcGJveDoATWFza2FuYV92Ml9MYVRlWDoAcGFwZXJzOgBGU3VtYmE6ADEgNTI3Mi04NjkxLTEtUEIucGRmAA4AKgAUADEAIAA1ADIANwAyAC0AOAA2ADkAMQAtADEALQBQAEIALgBwAGQAZgAPABoADABNAGEAYwBpAG4AdABvAHMAaAAgAEgARAASAEdVc2Vycy9jdWVudC9Ecm9wYm94L21hc2thbmFfdjJfbGF0ZXgvcGFwZXJzL0ZTdW1iYS8xIDUyNzItODY5MS0xLVBCLnBkZgAAEwABLwAAFQACAAz//wAAgAbSGxwdHlokY2xhc3NuYW1lWCRjbGFzc2VzXU5TTXV0YWJsZURhdGGjHR8gVk5TRGF0YVhOU09iamVjdNIbHCIjXE5TRGljdGlvbmFyeaIiIF8QD05TS2V5ZWRBcmNoaXZlctEmJ1Ryb290gAEACAARABoAIwAtADIANwBAAEYATQBVAGAAZwBqAGwAbgBxAHMAdQB3AIQAjgDKAM8A1wK1ArcCvALHAtAC3gLiAukC8gL3AwQDBwMZAxwDIQAAAAAAAAIBAAAAAAAAACgAAAAAAAAAAAAAAAAAAAMj}}

@webpage{Frederick,
	Abstract = {The Bibliographic Ontology Specification provides main concepts and properties for describing citations and bibliographic references (i.e. quotes, books, articles, etc) on the Semantic Web.},
	Author = {Fr\'ed\'erick Giasson and Bruce D'Arcus},
	Date-Added = {2016-03-05 05:02:50 +0000},
	Date-Modified = {2016-03-05 19:07:29 +0000},
	Keywords = {ontology},
	Lastchecked = {2016/01/30},
	Month = {11},
	Title = {Bibliographic Ontology Specification},
	Url = {http://bibliontology.com/specification},
	Urldate = {2009/11/04},
	Year = {2009},
	Bdsk-Url-1 = {http://bibliontology.com/specification}}
